3178 5350
437 605 510 681 254
553 621 639 678 nus
669 591 1112 676 nirnuonrnosns
1142 615 1377 696 monins,

727 833 799 908 vl.
828 833 948 906 Picus
964 841 1002 903 et
1021 831 1183 904 canens.

481 1067 625 1142 P1cus
641 1065 684 1138 in
700 1059 901 1156 Ausoniis,
919 1057 1044 1158 proles
1060 1058 1256 1156 Sammia,
1272 1059 1388 1134 terris

433 1196 517 1272 Rex
532 1197 626 1294 fuit,
640 1193 798 1270 utilium
812 1189 913 1264 bello
926 1185 1117 1262 studiosus
1134 1213 1335 1284 equorum.

432 1327 568 1402 Forma
582 1325 687 1423 viro,
704 1350 820 1424 quam
833 1319 974 1418 cernis,
992 1332 1073 1392 erat
1089 1347 1097 1392 :
1116 1319 1205 1392 licet
1219 1318 1300 1418 ipse
1316 1318 1503 1396 decorem

430 1453 615 1553 Aspicias,
630 1453 791 1552 fictique
803 1451 938 1551 probes
953 1451 1000 1523 ab
1014 1449 1177 1547 imagine
1188 1475 1333 1524 veram.

431 1584 503 1659 Par
518 1585 670 1660 animus
686 1583 816 1658 formae
834 1611 842 1656 :
860 1605 931 1656 nec
943 1579 1069 1654 adhuc
1084 1593 1264 1678 spectasse
1277 1607 1346 1678 per
1361 1607 1493 1656 annos

431 1713 731 1813 Quinquenncm
744 1723 890 1811 poterat
906 1709 1019 1784 Grais
1031 1721 1166 1808 quater
1181 1715 1190 1748 ¹
1205 1709 1313 1784 Elide
1326 1735 1519 1811 pugnum.

429 1847 498 1922 Ille
510 1873 598 1921 suos
610 1845 797 1945 Dryadas,
816 1845 932 1919 Latiis
949 1843 992 1916 in
1005 1845 1200 1918 montibus
1216 1855 1335 1944 ortas,

430 1969 602 2048 Verterat
616 1973 659 2047 in
672 1973 803 2048 vultus
824 2003 832 2046 ε
851 1973 968 2046 illurn
977 1971 1132 2048 fontana
1144 1975 1322 2072 petebant

430 2100 616 2199 Numina,
634 2101 810 2200 Naiades3
829 2127 923 2199 quas
939 2101 1096 2200 Albula,
1115 2127 1284 2200 quasque
1297 2101 1483 2204 Numici,

431 2234 611 2333 Quasque
620 2234 779 2310 Anienis
792 2260 919 2332 aquae,
936 2259 1127 2332 cursuque
1134 2233 1380 2307 brevissimus
1393 2233 1541 2311 Almo·

429 2363 579 2462 Narque
592 2361 683 2436 tulit
698 2389 882 2463 praeccps,
900 2376 936 2436 et
948 2387 1108 2436 amoenae
1122 2359 1295 2436 Farfarus
1309 2363 1483 2462 umbrae3

431 2495 603 2592 Quaeque
616 2493 748 2567 colunt
761 2491 945 2591 Scythicae
955 2517 1115 2589 regnum
1131 2491 1323 2565 nemorale
1335 2491 1477 2568 Dianae
1494 2493 1531 2596 ³,

428 2623 457 2699 F
459 2625 705 2723 initimosque
720 2623 835 2698 lacus.
852 2622 993 2721 Spretis
1009 2633 1138 2698 tamen
1154 2621 1350 2716 omnibus,
1364 2647 1497 2699 unam

1547 2299 1558 2336 ἲ

369 2737 378 2744 “
429 2755 497 2830 llle
512 2755 615 2831 fovet
627 2755 852 2854 Nymphen,
869 2781 985 2852 quam
999 2753 1192 2852 quondam
1208 2753 1252 2826 in
1265 2753 1358 2826 colle
1370 2753 1502 2830 Palati

429 2885 581 2959 Dicitur
594 2886 750 2984 ancipiti
766 2886 953 2988 peperisse
965 2887 1116 2961 Venilia
1130 2889 1240 2962 lanc.

479 3017 589 3114 Haec,
605 3018 674 3092 ubi
689 3017 885 3092 nubilibus
900 3020 1071 3117 primiun
1084 3019 1271 3095 maturuit
1283 3017 1413 3117 annis,

428 3145 632 3244 Praeposito
649 3150 795 3223 cunctis
809 3151 990 3226 Laurenti
1003 3151 1140 3228 tradita
1156 3151 1245 3226 Pico
1262 3165 1329 3227 est.

472 3350 482 3378 ¹
502 3345 605 3416 Elide,
617 3367 689 3404 nom
700 3347 789 3406 d'une
799 3351 920 3408 contree
933 3349 976 3406 du
986 3350 1186 3425 Pelopontse,
1199 3353 1317 3408 arrosde
1329 3369 1384 3426 par
1394 3349 1481 3410 Pal-

430 3445 525 3520 plue,
540 3445 580 3502 oia
592 3446 633 3503 les
644 3445 715 3520 jeux
727 3447 916 3524 olympiques
929 3467 959 3504 se
976 3447 1151 3506 celebr-aient
1170 3461 1240 3506 tous
1257 3450 1299 3506 les
1321 3449 1389 3523 cinq
1407 3466 1483 3512 ans.

429 3545 505 3600 C’est
517 3541 554 3599 de
567 3543 595 3600 li
616 3563 675 3620 que
696 3545 737 3602 les
754 3545 845 3602 Grecs
863 3555 917 3602 ont
938 3547 1056 3602 nomme
1072 3545 1240 3623 olympiade
1258 3565 1301 3603 un
1318 3562 1421 3620 espace
1434 3546 1481 3605 de

430 3653 504 3698 tems
515 3643 552 3700 de
560 3643 628 3720 cinq
641 3647 758 3704 annees.

473 3744 486 3774 ¹
508 3745 595 3800 Almo
604 3785 615 3813 ,
631 3743 737 3802 riviire
748 3743 861 3802 voisine
871 3743 907 3802 de
917 3746 1013 3802 Rome
1022 3784 1031 3815 ,
1040 3745 1095 3822 qui
1107 3765 1137 3802 se
1149 3743 1221 3820 jette
1231 3731 1307 3802 dans
1314 3744 1342 3802 lc
1352 3743 1480 3806 Tibre’n

429 3855 490 3912 peu
502 3838 538 3895 de
548 3840 677 3898 distance
688 3843 725 3899 de
739 3861 770 3899 sa
786 3861 901 3922 spurce.

476 3934 488 3973 ³
506 3937 548 3993 La
568 3949 664 3996 statue
682 3939 719 3998 de
735 3939 851 4010 Dieuc,
870 3943 1027 4016 qn'Oreste
1040 3951 1176 4017 emporta
1193 3939 1230 3998 de
1246 3941 1274 3997 la
1290 3940 1480 4002 chersonae

430 4033 601 4112 Taurique,
615 4037 662 4096 lut
675 4037 802 4115 deposce
812 4037 886 4098 dans
900 4059 942 4097 un
954 4039 1061 4116 temple
1073 4039 1143 4116 pres
1153 4039 1195 4098 du
1207 4039 1252 4096 lac
1261 4037 1399 4098 d’Aricic.
