3248 5338
457 543 507 624 54
573 565 658 622 aas
686 531 1127 620 uis-raucarrrosas
1156 559 1390 636 naovrna,

393 704 395 708 ’
476 767 481 774 -
506 711 554 786 In
570 721 675 784 tanto
691 706 868 801 fremitu,
884 703 1007 778 ductis
1019 705 1101 778 sine
1116 703 1210 804 fine,
1223 707 1387 806 jacebat,

456 841 609 942 Sopltus
621 841 743 938 vinis,
757 850 795 916 et
811 839 1115 935 inexperrectus,
1130 837 1299 950 Aphidas
1307 869 1318 935 3

455 971 742 1070 Languentiquc
758 995 876 1045 manu
889 965 1077 1042 carchesia
1091 967 1214 1042 mixta
1226 969 1394 1068 tenebat,

426 1115 427 1118 ’
454 1103 576 1177 Fusus
591 1103 635 1174 in
651 1101 787 1176 ossaeae
800 1094 943 1172 villosis
958 1095 1120 1194 pellibus
1136 1122 1236 1171 ursae
1252 1105 1277 1172 ¹.

347 1207 349 1218 Ι
455 1231 581 1318 Quem
593 1225 727 1328 procul
741 1237 785 1300 ut
796 1223 897 1300 vidit
907 1222 1050 1298 frustra
1061 1223 1168 1298 nulla
1180 1249 1285 1300 arma
1296 1234 1533 1318 moventem,

454 1356 593 1432 Inserit
607 1363 759 1428 amento
774 1349 929 1448 digitos,
942 1347 1228 1450 Miscendaque,
1245 1351 1366 1450 dixit,

454 1485 552 1558 Cum
565 1483 675 1580 Styge
687 1481 781 1555 vina
791 1478 914 1576 bibes,
928 1474 1108 1552 Phorbas.
1123 1479 1200 1554 Nea
1212 1477 1323 1578 plura
1334 1491 1518 1577 moratus,

454 1615 500 1689 ln
514 1615 697 1709 juvenem
711 1607 824 1684 torsit
836 1606 1005 1705 jaculum
1021 1635 1030 1682 ε
1045 1606 1255 1708 ferrataque
1267 1611 1364 1684 collo
1457 1653 1462 1666 ·

453 1744 660 1839 Fraxinus,
674 1753 720 1814 ut
735 1765 824 1814 casu
839 1737 956 1836 jacuit
970 1739 1193 1838 resupinus,
1206 1741 1334 1816 adacta
1347 1754 1415 1816 est.

451 1871 554 1946 Mors
566 1868 690 1944 caruit
701 1891 815 1940 sensu
832 1893 840 1938 :
856 1864 1044 1964 plenoque
1061 1889 1082 1938 e
1097 1877 1248 1963 gutture
1263 1867 1380 1942 fluxit

453 1997 576 2093 lnque
593 2007 713 2092 toros,
730 1993 848 2092 inque
863 1993 945 2090 ipsu
956 1993 1062 2090 niger
1079 1993 1266 2068 carchesia
1281 1998 1445 2095 sanguis.

572 2189 645 2264 IX.
672 2189 869 2262 Proeclora
888 2189 1023 2261 Thesei
1034 2201 1073 2262 et
1082 2191 1249 2270 Pirithoi
1247 2189 1375 2294 sacta.

502 2385 607 2460 Vror
623 2409 689 2484 ego
701 2383 896 2480 Paucum,
912 2395 1112 2458 conantem
1128 2386 1288 2460 evellere
1301 2387 1401 2464 terri

446 2513 710 2589 ‚Glandiferam
718 2537 902 2611 quercum
912 2538 1043 2609 :quam
1052 2511 1146 2592 dum
1153 2517 1413 2614 complexibus
1419 2523 1536 2596 ambit

453 2643 502 2720 Et
513 2646 636 2742 quatit
649 2643 728 2718 huc
741 2643 853 2738 illuc,
866 2639 1117 2740 labefactaque
1130 2646 1266 2720 robora
1277 2647 1403 2747 jactat,
1449 2655 1452 2668 '

453 2775 599 2852 Lancea
609 2771 794 2869 Pirithoi,
811 2770 922 2848 costis
938 2770 1106 2848 immissa
1123 2773 1261 2874 Petrei,

454 2904 609 2983 Pectora
622 2931 712 2980 oum
724 2903 823 2978 duro
837 2903 1020 2978 luctantia
1036 2905 1169 2980 robore
1180 2905 1280 2980 fixit.

455 3036 620 3114 Pirithoi
635 3035 780 3110 virtute
793 3033 940 3134 Lycum
957 3036 1131 3112 cecidisse
1146 3039 1335 3136 ferebant3

456 3163 620 3240 Pirithoi
636 3161 810 3238 cecidisse
827 3163 1039 3240 Chromin:
1057 3165 1121 3240 scd
1139 3177 1300 3266 uterque
1312 3169 1504 3246 minorem

458 3297 604 3372 Victori
611 3295 785 3394 titulum,
796 3297 913 3394 quim
919 3297 1050 3396 Dictys
1057 3279 1503 3397 Helopsque,dederuntss

451 3428 576 3516 „Fixus
589 3427 728 3526 Helops
740 3429 882 3527 jaculo,
899 3427 1003 3526 quod
1016 3430 1146 3528 pervia
1159 3443 1331 3529 tempora
1342 3431 1454 3530 secit3

457 3563 506 3639 Et
521 3562 680 3667 missum
693 3588 716 3636 a
727 3561 862 3636 dextri
876 3561 1012 3636 laevam
1028 3563 1240 3660 penetravit
1250 3563 1294 3638 in
1307 3590 1452 3640 aurem.

1543 2581 1553 2620 l

500 3749 510 3779 ¹
521 3744 691 3806 .L'attitnde
701 3741 863 3819 d'Aphidas
873 3784 882 3814 ‚
893 3741 1121 3818 profoadtment
1132 3703 1251 3820 assoupi
1260 3761 1316 3820 par
1326 3744 1353 3802 le
1365 3735 1498 3803 soinmeil

461 3856 489 3902 et
501 3862 557 3920 par
567 3845 594 3901 le
603 3845 671 3914 riu,
684 3845 797 3902 attachc
811 3845 850 3900 les
862 3863 941 3918 yeux
952 3843 988 3902 de
1001 3843 1108 3920 l’esprit
1117 3889 1130 3919 ‚
1142 3856 1169 3902 et
1181 3846 1315 3919 prasente
1327 3863 1370 3902 un
1379 3846 1499 3904 tableau

461 3942 550 3998 d’une
566 3942 682 3999 noireto
698 3941 838 4020 originale
852 3941 948 4020 parmi
959 3943 1000 4001 les
1017 3961 1147 4022 groupes
1163 3943 1397 4004 discrederetur
1413 3945 1498 4002 scena

463 4039 642 4098 turbulente.
