3178 5360
439 631 511 708 346
554 650 638 706 nes
667 610 1369 732 sibrauonrnosns'n’ovrnr,

486 795 551 868 Est
566 795 669 868 locus
685 789 1069 886 Arcadiae,Pheneon
1083 785 1397 892 diremptione,

437 929 634 1030 Ambiguis
648 941 841 1028 suspectus
853 925 961 1024 aquis
982 953 990 999 :
1006 943 1104 1023 quas*
1117 937 1226 1002 n‘o'cte
1241 925 1397 1022 timeto·;

437 1061 552 1136 Nocte
568 1072 705 1134 nocent
720 1067 839 1158 potua:
856 1057 938 1130 sinc
953 1054 1055 1131 noxs'
1066 1053 1151 1132 luce
1164 1055 1366 1134 bibunttu.

437 1197 499 1270 Sic
514 1196 603 1270 alias
616 1195 780 1293 aliosque
790 1193 893 1268 lacus
906 1204 945 1266 et
958 1190 1122 1268 flumina
1138 1191 1240 1268 vires

436 1332 677 1431 concipiunt.
693 1325 935 1430 Tempusque
946 1327 1039 1426 fuit,
1056 1352 1140 1426 quo·
1146 1329 1254 1404 navit
1267 1331 1310 1403 in
1322 1317 1464 1426 undis,

435 1465 547 1540 Nunc
563 1456 684 1562 sedet,
703 1465 869 1562 Ortygie.
886 1457 1035 1537 Timuit
1048 1462 1293 1539 concursibus
1310 1464 1411 1563 Argo

436 1593 636 1672 Undarum
653 1621 796 1694 sparsas
814 1593 1073 1697 Symplegadas
1091 1603 1099 1631 ¹
1118 1595 1314 1691 elisarum3

438 1727 535 1816 Quae
548 1752 653 1806 nunc
666 1727 833 1804 immotae
846 1739 1032 1827 perstant,
1047 1729 1248 1828 ventisque
1261 1729 1454 1804 resistunt.

484 1857 579 1954 Nec,
598 1885 684 1956 quae
700 1857 878 1934 sulfureis
892 1859 1000 1934 ardet
1014 1857 1249 1960 fornacibus,
1268 1861 1384 1938 AEtne

435 1989 547 2086 Ignea
559 2015 707 2090 semper
723 1990 796 2064 erit
816 2017 823 2064 :
842 2015 968 2088 neque
985 1991 1088 2064 enim
1101 1989 1176 2066 fuit
1188 1993 1294 2092 ignea
1306 2017 1465 2091 semper.

434 2122 531 2197 Nam
547 2123 628 2198 sive
644 2135 700 2198 est
711 2124 853 2198 animal
869 2125 1001 2222 tellus,
1020 2136 1058 2198 et
1070 2125 1190 2222 vivit,
1206 2123 1396 2224 habetque

435 2257 690 2357 spiramenta,
708 2259 799 2332 locis
809 2255 1006 2334 llammam
1023 2257 1238 2332 exhalantia
1253 2259 1407 2356 multis3

434 2389 610 2488 Spirandi
624 2402 771 2464 mutare
784 2390 885 2488 vias,
905 2391 1127 2487 quotiesque
1139 2401 1338 2485 movetur,

435 2521 511 2594 Has
523 2521 634 2594 finire
650 2532 795 2620 potest,.
805 2521 887 2596 illas
905 2523 1049 2620 aperire
1066 2547 1256 2596 cavernas.

434 2651 524 2727 Sive
536 2654 637 2730 leves
649 2653 737 2728 imis
750 2655 856 2730 venti
874 2654 1101 2729 cohibentur
1116 2655 1159 2728 in
1175 2655 1312 2743 annin

436 2785 607 2883 Saxaque
622 2811 710 2859 cum
725 2785 845 2881 saxis,
864 2797 902 2858 et
912 2785 1116 2860 habentem
1133 2786 1277 2859 semina
1287 2783 1449 2860 flammae

436 2919 632 2992 Materiem
648 2921 807 3014 jactant3
828 2945 870 2992 ea
883 2919 1048 3020 concipit
1060 2919 1197 2994 ictibus
1210 2920 1352 3018 ignem3

437 3049 556 3121 Antra
572 3049 838 3147 relinquentur
854 3050 988 3124 sedatis
1005 3051 1140 3150 frigida
1152 3051 1289 3126 ventis.

436 3177 525 3251 Sive
541 3177 761 3254 bitumineae
777 3182 932 3280 rapiunt
948 3183 1124 3256 incendia
1136 3183 1257 3278 vires,

438 3307 605 3386 Luteave
619 3315 764 3412 exiguis
776 3333 951 3393 arescunt
963 3317 1108 3392 sulfura
1120 3317 1257 3416 fumis3

478 3551 488 3580 ¹
515 3549 562 3605 On
570 3565 689 3607 nomme
698 3551 906 3628 Symplegades
916 3551 994 3610 deur
1003 3550 1200 3629 grorrochers
1207 3549 1281 3607 dela
1291 3563 1354 3608 mer
1362 3547 1467 3614 Νοίη,

437 3665 504 3705 vers
515 3647 736 3709 l’embouchure
745 3651 788 3708 du
796 3652 958 3728 Bosphoro,
968 3653 1103 3728 tres-peu
1113 3650 1299 3728 repererim
1308 3648 1345 3706 (le
1354 3649 1468 3704 l’antre.

437 3753 493 3810 Les
506 3749 609 3826 poetes
626 3766 681 3812 out
694 3755 767 3814 isim
782 3775 843 3832 que
860 3775 909 3816 oea
929 3756 1049 3814 rochete
1064 3751 1365 3828 circumbombat,
1383 3765 1469 3826 parce

437 3874 516 3930 que,
530 3859 612 3916 selon
624 3857 724 3928 Pline,
738 3857 766 3916 le
779 3856 869 3933 pilote
882 3859 935 3934 qui
948 3860 1014 3918 s’est
1026 3859 1136 3934 engagt
1147 3855 1221 3914 dens
1232 3875 1264 3913 oe
1274 3871 1412 3931 passage,
1426 3851 1468 3911 s'il

438 3965 579 4015 retourne
590 3959 631 4016 les
642 3977 721 4034 year
734 3975 772 4015 en
784 3959 911 4030 ornere,
924 3959 1000 4020 croit
1012 3961 1053 4019 les
1066 3955 1134 4018 vair
1146 3975 1176 4017 se
1188 3956 1387 4036 rapproehtrv
1399 3965 1428 4012 0¹
1441 3971 1470 4012 ⁵⁸

439 4053 563 4114 heurter
576 4055 640 4116 l'un
653 4065 758 4116 contre
769 4055 884 4116 l'aotre.
