3178 5350
460 579 531 655 238
576 591 660 650 cus
688 559 1134 647 nirnuonenosns
1162 585 1392 671 norme,

457 739 497 812 Si
510 735 624 813 modo
636 761 698 810 me
710 735 822 830 novi,
840 731 872 805 si
886 757 966 806 non
980 732 1138 806 evanuit
1151 737 1276 808 omnis

458 869 672 944 Herbarum
684 865 810 940 virtus
823 921 833 960 ,
853 889 923 937 nec
936 889 997 936 me
1011 889 1095 938 mea
1108 868 1276 941 cannina
1289 867 1442 944 fallunt.

505 999 635 1097 Dixit,
652 1010 690 1072 et
702 995 880 1094 effigiem,
897 995 1006 1068 nullo
1019 1020 1108 1069 cum
1121 1021 1297 1096 corpore,
1317 999 1402 1072 t'alsi
1419 1007 1429 1036 ¹

457 1131 589 1206 Finxit
600 1130 684 1229 apri
703 1158 711 1204 :
730 1139 944 1227 preterque
960 1125 1089 1200 oculos
1101 1139 1362 1206 transcurrere
1375 1133 1474 1231 regis

456 1261 479 1336 J
481 1259 596 1358 ussit,
616 1271 654 1333 et
668 1258 711 1333 in
726 1257 890 1332 densum
902 1255 1074 1329 trabibus
1090 1281 1228 1332 nemus
1240 1259 1297 1332 ire
1313 1259 1461 1357 videri,

457 1393 627 1470 Plurima
640 1393 717 1490 qua
728 1391 824 1466 silva
839 1399 913 1487 est,
931 1399 969 1462 et
982 1413 1082 1486 equo
1093 1389 1174 1462 loca
1187 1390 1320 1488 pervia
1336 1417 1419 1464 non
1433 1405 1530 1466 sunt.

457 1526 570 1604 Haud
585 1551 693 1600 mora
710 1551 718 1598 :
733 1522 918 1598 continuo
934 1519 1073 1620 praedoe
1085 1524 1182 1620 petit
1193 1523 1336 1596 inscius
1352 1525 1524 1598 umbram

456 1656 586 1754 Picus3
598 1653 765 1752 equique
777 1651 876 1725 celer
889 1650 1078 1726 fumantia
1092 1664 1195 1749 terga
1206 1653 1411 1752 relinquit:

456 1791 646 1890 Spemque
663 1809 823 1886 sequens
835 1809 974 1859 vanam
990 1789 1024 1880 ¹,
1040 1783 1135 1858 silvai
1146 1783 1259 1881 pedes
1272 1795 1373 1857 errat
1386 1785 1431 1858 in
1441 1785 1522 1858 alu.

466 1953 472 1970 ·
505 1917 682 2017 Concipit
695 1917 761 1990 illa
773 1939 919 2015 preces,
935 1925 973 1987 et
986 1915 1105 1988 verba
1117 1913 1285 1987 venefica
1301 1913 1418 2013 dicit3

382 2037 390 2048 ⁸
456 2054 682 2152 Ignotosque
697 2049 797 2124 Deos
813 2049 942 2146 ignoto
955 2049 1123 2124 carmine
1135 2048 1285 2148 adorat,

456 2183 545 2272 Quo
560 2183 654 2257 solet
666 2193 704 2256 et
719 2181 843 2256 niveae
860 2181 1015 2256 vultum
1031 2180 1267 2257 confundere
1279 2181 1421 2282 Lunae,

454 2317 504 2392 Et
518 2315 641 2413 patrio
653 2314 769 2412 capiti
783 2314 934 2388 bibulus
947 2316 1149 2390 subtexere
1162 2317 1296 2390 nubes.

453 2447 557 2522 Tum
574 2471 728 2545 quoque
743 2457 891 2520 cantato
904 2443 1088 2521 densatur
1100 2447 1268 2522 carmine
1279 2445 1424 2522 coelum
1435 2455 1466 2546 ,‘

455 2581 504 2656 Et
516 2581 673 2655 nebulas
690 2579 841 2685 exhalet
857 2578 1000 2654 humus
1009 2609 1020 2676 3
1037 2581 1219 2679 caecisque
1231 2591 1419 2679 vagantur

455 2715 659 2792 Limitibus
673 2716 827 2786 comites
842 2741 850 2786 :
867 2724 905 2785 et
917 2713 1020 2786 abest
1033 2711 1203 2786 custodia
1218 2715 1295 2812 regi
1310 2711 1337 2788 ³.

499 2931 508 2962 ¹
534 2929 575 2986 Ce
591 2928 746 2986 simulacre
759 2923 834 2986 d'un
846 2925 917 2984 faux
927 2927 1054 3004 eanglier
1064 2937 1107 2984 est
1121 2945 1180 2984 une
1194 2925 1295 2984 fiction
1312 2925 1497 3004 ingentem,

454 3026 509 3102 qui
519 3045 537 3083 a
548 3025 684 3082 d’autant
692 3026 762 3100 plus
775 3023 812 3082 de
825 3025 963 3095 therme,
976 3045 1035 3102 que
1047 3026 1076 3081 la
1086 3025 1181 3102 magie
1190 3024 1331 3102 poetique
1344 3041 1375 3080 se
1390 3023 1467 3081 mtle
1481 3025 1498 3082 i

455 3124 485 3182 la
496 3123 592 3200 magie
603 3121 640 3180 de
653 3121 748 3178 Circe.

500 3224 513 3253 ¹
541 3219 680 3280 Umbram
694 3237 815 3294 corpore
830 3229 986 3276 carenum.
1010 3217 1127 3294 Nempe
1142 3217 1300 3294 [magum
1320 3217 1391 3292 apri
1405 3219 1498 3274 dmu-

457 3319 513 3374 tari
525 3316 648 3389 acfi'cti.
1061 3379 1064 3389 ,

496 3409 511 3450 ³
531 3413 664 3472 Voltaire
677 3411 751 3470 dans
765 3413 794 3470 la
806 3411 953 3472 Henriade
966 3431 984 3470 a
996 3411 1094 3483 imitt,
1104 3411 1194 3470 d’une
1204 3409 1334 3470 muniere
1344 3409 1496 3478 brinate,

456 3523 503 3572 cet
513 3511 633 3572 endroit
643 3509 769 3570 d'Ovide
782 3531 790 3567 :

584 3646 649 3693 Dm
658 3645 692 3692 let
702 3643 783 3692 sillone
793 3643 897 3708 {augear
908 3645 938 3692 ds
951 3645 975 3692 Ιι
984 3659 1114 3709 campagus
1123 3643 1218 3693 humide
1228 3677 1236 3702 ,

587 3729 621 3776 1ae
631 3729 668 3775 roi
679 3729 777 3775 mecho
788 3729 917 3786 incende,
927 3743 980 3776 snus
989 3739 1081 3778 eccene
1091 3739 1115 3776 et
1127 3745 1181 3776 uns
1192 3728 1271 3792 guido.

585 3807 718 3864 L'Amcur,
729 3823 758 3854 en
769 3821 797 3855 cc
807 3817 926 3865 moment,
936 3809 1046 3856 anement
1059 3823 1103 3856 ton
1114 3809 1244 3865 flamberu,

586 3887 639 3934 sut
648 3887 732 3936 briller
742 3887 829 3938 devm
840 3889 874 3938 lai
883 3904 911 3938 ee
922 3890 1024 3954 prodige
1036 3907 1152 3940 noussen.

586 3967 735 4018 mandunt
744 3971 785 4018 de·
797 3973 859 4019 siens
869 4007 875 4030 ,
886 3973 908 4020 le
918 3975 956 4019 roi
966 4007 973 4031 ‚
985 3973 1043 4022 daus
1053 3989 1092 4022 cet
1104 3975 1157 4022 bois
1167 3973 1289 4034 semitm,

585 4049 636 4096 sen
646 4059 684 4096 cet
693 4047 754 4098 titre
767 4055 858 4100 euuemi
868 4089 877 4118 ,
889 4054 930 4116 qui
940 4053 983 4101 tuit
992 4057 1068 4117 parmi
1079 4057 1113 4104 les
1126 4055 1227 4103 ombret.
