3198 5360
454 548 541 624 '224
588 562 672 620 nas
701 531 1139 618 uianuoanuosns
1168 563 1390 646 n’ovmn,

552 807 601 884 V.
637 809 756 882 caius
777 831 865 878 euos
887 819 1022 878 narrat
1044 809 1262 885 Macareus.
1293 816 1412 888 Circes

838 925 1132 1012 ibeontamenta.

511 1173 691 1252 AEonou
707 1175 771 1250 ille
786 1175 901 1250 refert
912 1175 1034 1252 Tusco
1047 1206 1200 1279 regnare
1215 1183 1405 1280 profundo
1422 1191 1451 1282 ¹3

462 1309 600 1384 AEolon
613 1303 870 1404 Hippotaden,
885 1307 1123 1384 cohibentem
1139 1337 1283 1386 carcere
1300 1326 1453 1410 ventos5

462 1442 568 1529 Quos
585 1423 693 1515 bovis
709 1439 874 1550 inclusos
891 1451 1010 1538 tergo,
1026 1444 1267 1518 memorabile
1279 1471 1443 1542 munus,

461 1570 687 1649 Dulichium
704 1571 878 1692 sumsisse
891 1569 1027 1646 ducem
1044 1601 1052 1646 :
1067 1573 1234 1672 flatuque
1250 1574 1417 1648 secundo

460 1706 626 1782 Lucibus
639 1705 710 1778 isse
723 1731 880 1802 novem,
901 1717 938 1778 et
951 1717 1091 1780 terram
1107 1707 1292 1804 aspexisse
1306 1709 1474 1806 petitam.

461 1839 639 1914 Proxima
652 1850 735 1936 post
747 1863 887 1911 nonam
902 1839 989 1910 ciun
1003 1864 1081 1910 sese
1095 1837 1241 1910 Aumra
1257 1851 1446 1934 moveret3

460 1965 612 2044 Invidia
627 1967 763 2062 socios,
780 1965 992 2064 praedaeque
1009 1967 1188 2062 cupidine
1200 1966 1353 2064 ductos,

458 2099 546 2174 Esse
561 2111 660 2173 ratos
674 2123 831 2194 aurum,
848 2098 1026 2173 demsisse
1038 2101 1214 2198 ligamina
1229 2103 1371 2196 ventis3

459 2231 557 2304 Cum
567 2232 708 2328 quibus
716 2229 788 2302 isse
798 2241 916 2326 reno,
931 2255 1016 2328 per,
1027 2257 1119 2328 quas
1125 2229 1417 2324 modevenerau
1428 2228 1552 2318 undas,

457 2358 648 2454 AEoliique
664 2367 784 2430 ratem
798 2368 929 2451 portus
943 2355 1120 2452 repetisse
1136 2357 1302 2454 tytanni.

506 2487 601 2562 Inde
610 2485 717 2560 Lami
731 2498 896 2558 veterem
910 2487 1177 2585 Laestrygonis,
1193 2489 1338 2585 inquit,
1355 2487 1400 2560 in
1412 2490 1537 2562 urbem

455 2619 652 2694 Venimus.
672 2617 895 2715 Antiphates
908 2619 1008 2692 terrai
1024 2621 1198 2717 regnabat
1215 2621 1256 2694 in
1273 2621 1372 2694 illztt

455 2747 645 2827 Missnsad
651 2748 757 2822 hunc
763 2775 828 2846 ego
835 2774 937 2846 sum,
954 2774 1115 2824 numero
1124 2752 1324 2826 comitante
1332 2748 1514 2844 duorum3

455 2883 608 2980 Vixque
621 2879 708 2980 fugi
723 2881 880 2978 quaesita
894 2881 992 2954 salus
1007 2883 1210 2980 comitique
1223 2882 1409 2980 mihique.

456 3013 608 3088 Tertius
625 3011 769 3086 euobis
785 3011 1034 3109 Laesuygonis
1047 3013 1164 3110 impia
1181 3013 1298 3086 tinxit

455 3149 533 3224 Ora
546 3171 681 3218 cruore
694 3167 763 3215 suo
777 3172 785 3216 :
800 3142 1030 3240 fugientibus
1041 3123 1172 3239 instat,
1192 3153 1228 3216 et
1244 3165 1374 3238 agmen

497 3321 506 3352 ¹
527 3315 615 3384 Eole,
629 3315 799 3370 snrnommt
806 3310 988 3386 Hippotades
999 3309 1041 3369 du
1051 3312 1167 3370 nonde
1177 3331 1231 3370 son
1243 3311 1319 3368 ateul
1329 3310 1483 3384 hippotes,

455 3409 543 3477 uait,
555 3409 638 3466 selon
655 3409 683 3464 la
702 3407 806 3476 fante,
822 3409 848 3465 le
861 3409 930 3468 dien
940 3411 990 3468 des
1000 3423 1100 3480 vente,
1116 3411 1187 3487 qu’il
1199 3408 1361 3468 deobatnait
1372 3420 1483 3464 etrete·

453 3507 544 3571 naith
557 3527 588 3566 aa
598 3507 737 3576 volonte;
754 3501 855 3562 fiction
868 3507 921 3582 qui
941 3509 996 3564 tire
1017 3527 1071 3565 son
1089 3507 1201 3584 origine
1218 3507 1253 3562 de
1265 3525 1297 3560 ce
1308 3504 1378 3578 qu'it
1391 3503 1482 3559 savait

454 3607 495 3664 lea
517 3605 634 3680 prtdire
656 3603 739 3666 selon
759 3603 799 3658 les
822 3603 945 3660 saisons.
967 3603 1082 3660 L'Eolie
1103 3602 1174 3658 nau
1190 3602 1344 3676 composee
1364 3599 1400 3655 de
1421 3607 1481 3672 sept

454 3703 558 3780 pentes
571 3703 623 3758 iles
640 3711 722 3758 entre
733 3701 761 3756 la
775 3699 858 3757 Sicile
870 3711 898 3756 et
911 3701 1024 3758 l'ltnlie.

494 3805 508 3834 ¹
531 3800 706 3876 Antiphates
728 3801 820 3875 regna
842 3817 895 3854 sur
918 3798 960 3854 lea
980 3797 1174 3874 Lestrigons,
1198 3795 1243 3853 fils
1266 3795 1302 3852 de
1325 3793 1481 3867 Neptune,

453 3915 567 3954 comme
581 3897 622 3953 les
636 3898 780 3971 Cyclopes
793 3907 822 3951 et
836 3895 946 3952 seroces
963 3913 1076 3954 comme
1089 3915 1155 3953 eux.
1175 3895 1228 3953 Ces
1246 3891 1480 3968 antropophogos

452 3993 613 4054 habitaient
626 3996 666 4054 lca
682 3997 761 4056 cotes
773 3993 809 4051 de
823 3994 850 4050 la
863 3995 1031 4069 Campania.
