3170 5366
440 687 512 764 266
555 705 639 762 ons
669 677 1107 761 ud'rauonruoaos
1137 701 1369 784 movinu,

487 853 582 928 lnde
594 855 666 928 sub
679 849 832 927 Ascanii
844 847 991 924 ditione
1002 849 1212 926 binominis
1228 857 1238 888 ⁸
1253 851 1371 946 Albe,

437 980 587 1080 Reaque
600 981 734 1058 Latina
745 979 821 1055 fuit
838 1007 845 1054 :
861 975 1029 1054 auooedit
1044 977 1188 1052 Silvius
1204 977 1262 1054 illi
1268 1007 1281 1076 3

437 1112 525 1202 Quo
538 1123 658 1210 satus,
672 1111 833 1210 antiquo
847 1109 974 1185 tonuit
987 1108 1146 1210 repetita
1157 1107 1319 1184 latinus

437 1243 601 1318 Nomina
613 1269 702 1320 cum
719 1255 879 1343 seeptro.
895 1241 1052 1316 Clarum
1064 1240 1168 1314 subit
1184 1239 1280 1314 Albo
1293 1238 1495 1336 Latinum

434 1377 564 1474 Epitos
576 1401 626 1450 ex
638 1375 706 1448 illo
718 1385 883 1473 eet:poet
895 1369 1003 1446 huno
1016 1373 1273 1471 Capetusque,
1289 1373 1503 1472 Capyeque5

434 1509 507 1584 Sed
522 1511 643 1610 Capys
658 1523 746 1584 ante
759 1507 846 1585 fuit.
862 1505 1036 1606 Regnum
1047 1505 1257 1581 Tiberinus
1269 1508 1319 1581 ab
1333 1507 1410 1582 illia

437 1641 561 1740 Cepit,
578 1653 615 1717 et
629 1641 671 1716 in
684 1641 800 1716 Tusci
814 1641 1009 1715 demersus
1021 1639 1195 1714 fluminio
1209 1637 1325 1713 undis
1383 1721 1386 1728 ,

434 1769 600 1844 Nomina
615 1771 703 1846 fecit
713 1797 822 1870 aqum
840 1801 848 1846 ι
864 1771 911 1845 do
924 1797 1003 1870 quo
1017 1771 1279 1868 Romulusque
1292 1771 1477 1870 feroxque

434 1899 573 1996 Acrota
589 1913 680 1976 sunt
695 1903 813 2000 geniti
830 1929 837 1976 ε
854 1901 1058 2000 Remulus,
1077 1903 1265 1976 maturior
1278 1904 1408 2000 annis,

434 2033 463 2106 F
467 2033 636 2108 ulmineo
651 2036 784 2134 periit,
803 2035 973 2112 imitator
985 2033 1178 2132 fulminis,
1195 2037 1286 2110 ictu.

433 2161 563 2234 Fratre
579 2189 648 2238 suo
665 2177 857 2264 sceptrum
870 2165 1100 2241 moderatior
1115 2167 1253 2242 Acrota
1265 2167 1357 2241 forti

433 2290 567 2366 Tradit
580 2293 772 2370 Aventino
790 2325 798 2372 :
813 2299 883 2394 qui
896 2323 975 2396 quo
988 2299 1182 2398 regndmt,
1200 2299 1332 2375 eodem
1350 2307 1364 2338 ⁸

433 2419 563 2494 Monta
574 2423 669 2518 jacet
680 2421 848 2524 positu„
864 2427 1078 2524 mbuitque
1090 2427 1273 2502 vocabula
1286 2429 1422 2502 monti.

434 2631 559 2709 XIII.
591 2637 822 2712 Vertumnus
835 2641 1068 2714 atPomona.
1084 2642 1193 2742 Iphis
1203 2631 1486 2714 etAnaxame.

481 2843 504 2916 J
510 2867 674 2931 Annon
686 2843 865 2924 Palatinae
878 2869 1068 2924 summam
1081 2843 1199 2925 Proca
1211 2849 1332 2948 gentis
1346 2847 1517 2924 habebat.

434 2973 531 3074 Rege
544 2977 615 3052 sub
628 2977 703 3053 hoo
716 2977 886 3054 Pomona
899 2977 974 3054 luit
991 3004 999 3055 :
1018 2979 1096 3078 qud
1111 2981 1219 3054 nulla
1232 2977 1384 3054 Latinas

432 3105 540 3179 Inter
553 3105 833 3205 Hamadryadas
847 3107 966 3182 coluit
979 3107 1154 3182 solertius
1168 3103 1317 3206 hortos,
1339 3091 1343 3096 ⁵

432 3237 467 3310 N
469 3262 509 3309 ec
524 3234 599 3310 fuit
614 3233 763 3311 arborei
777 3237 982 3314 studiosior
997 3240 1113 3314 altera
1129 3235 1264 3336 foetus3

433 3367 545 3442 Unde
559 3379 663 3444 tenet
679 3389 833 3446 nomen.
852 3367 939 3445 Non
955 3369 1068 3446 silvas
1082 3369 1169 3469 illa,
1185 3375 1256 3445 n'ec
1272 3385 1421 3469 amnea3

481 3569 488 3598 ¹
516 3568 600 3625 Certe
613 3567 741 3644 epithdte
755 3569 886 3646 mppelle
899 3589 958 3646 qne
971 3569 998 3628 le
1011 3567 1055 3628 fils
1067 3569 1176 3628 d'Ilnde
1189 3587 1219 3628 se
1231 3566 1375 3626 nommuit
1388 3565 1482 3626 indie-

436 3664 606 3725 tinclement
618 3669 752 3746 Ascagne
766 3681 796 3726 et
809 3669 883 3726 lule.

478 3771 491 3800 ²
513 3765 595 3822 Certe
608 3768 777 3846 gdndalogie
794 3767 846 3826 des
859 3769 1001 3844 premiere
1016 3764 1078 3826 tois
1090 3765 1128 3824 de
1147 3767 1242 3823 Rome
1253 3761 1380 3840 permit
1395 3761 1482 3820 avoir

436 3863 474 3921 de
491 3863 619 3921 l'inttrlt
637 3881 718 3941 pont
736 3869 777 3923 les
792 3866 915 3925 lamilles
933 3867 969 3924 de
986 3867 1065 3924 leurs
1083 3863 1274 3924 demum.
1296 3861 1359 3918 me
1378 3861 1445 3918 n’en
1463 3878 1482 3918 ι

435 3963 505 4038 plus
517 3981 598 4036 pour
612 3981 699 4022 nous.
718 3964 793 4022 Mais
807 3984 844 4022 en
858 3965 944 4022 lirant
959 3965 1073 4034 Ovide,
1086 3983 1126 4022 on
1143 3961 1207 4020 doit
1221 3979 1252 4018 se
1265 3960 1482 4036 transportet&

437 4077 493 4116 son
505 4057 598 4117 siecle.
612 4059 660 4115 On
672 4078 735 4117 aero
747 4059 940 4140 dedommage
950 4061 986 4120 de
996 4073 1070 4121 cette
1080 4058 1162 4120 aride
1176 4047 1398 4118 domenelnture
1407 4055 1485 4114 dans

327 4163 331 4173 '
439 4155 467 4212 la
481 4155 560 4212 lable
575 4155 721 4214 suivante.
