3178 5350
442 633 512 708 164
555 644 641 702 nus
670 612 1112 698 uirtuonrnosns
1139 633 1371 720 urovrns,

490 790 695 874 mndssior
710 788 817 862 nives
834 785 945 882 fona,
964 757 1315 888 sumsimus

441 917 632 997 Floridior
648 917 782 1017 pratis,
802 913 911 1011 longi
924 914 1115 1011 procerior
1126 916 1213 990 alno
1230 923 1260 1014 t,

443 1051 684 1153 splendidior
700 1049 818 1143 vitro,
838 1059 968 1120 tenero
983 1045 1159 1120 lascivior
1171 1047 1301 1144 haedo,

443 1189 594 1264 Laevior
607 1181 756 1258 assiduo
769 1179 915 1254 detritis
928 1205 1080 1276 aequore
1093 1181 1245 1254 conchis
1254 1213 1266 1280 3

445 1316 595 1389 Solibus
611 1313 804 1405 hibernis,
819 1307 949 1382 aestivd
964 1312 1102 1404 gratior
1118 1309 1273 1408 umbri,

445 1443 616 1520 Nobilior
632 1441 775 1540 pomis,
791 1439 941 1538 platano
955 1429 1189 1536 conspectior
1204 1439 1296 1540 alto,

446 1575 626 1658 Lucidior
639 1572 752 1672 glacie
761 1602 771 1668 3
790 1572 939 1646 maturi
955 1571 1105 1645 dulcior
1121 1573 1215 1672 uvi,

447 1710 600 1788 Mollior
614 1719 652 1780 et
664 1705 775 1804 cygni
791 1705 952 1803 plumis,
973 1717 1010 1778 et
1024 1705 1116 1780 lacte
1132 1719 1277 1804 coact03

448 1843 515 1940 Et,
534 1840 566 1912 si
581 1863 662 1912 non
678 1835 814 1933 fugias,
831 1835 938 1938 riguo
952 1833 1152 1910 formosior
1164 1833 1289 1910 horto.

498 1971 642 2045 Saevior
659 1967 856 2042 indomitis
870 1967 998 2042 eadem
1015 1968 1165 2042 Galatia
1177 1969 1368 2068 juvencis,

449 2102 594 2184 Durior
607 2099 749 2175 annosi
762 2125 924 2196 quercu,
943 2099 1108 2174 fallacior
1124 2100 1286 2198 undis-⁸3

450 2231 607 2306 Lentior
618 2242 658 2302 et
669 2227 790 2301 salicis
804 2228 936 2324 virgis,
953 2241 990 2300 et
1003 2228 1147 2302 vitibus
1160 2229 1272 2325 albis3

451 2358 521 2436 His
534 2357 767 2432 immobilior
780 2357 944 2452 scopulis
955 2415 965 2454 3
977 2355 1187 2431 ¹violentior
1202 2383 1333 2455 mnne,

453 2493 622 2570 Laudato
638 2517 784 2590 pavone
798 2489 1015 2589 superbior,
1035 2491 1156 2565 acrior
1168 2491 1263 2589 igni,

453 2625 631 2723 Asperior
643 2625 795 2698 tribulis
809 2619 841 2720 ³,
858 2622 947 2696 soeut
960 2625 1211 2698 truculentior
1225 2625 1331 2722 ursin·

456 2753 616 2828 Surdior
629 2753 863 2850 aequoribus,
880 2753 1018 2826 calcato
1031 2753 1214 2827 immitior
1226 2753 1366 2852 hydro3

355 2883 363 2898 '
455 2882 641 2980 Et,-quod
658 2883 848 2978 praecipuo
861 2883 999 2957 vellem
1012 2883 1083 2956 tibi
1097 2883 1264 2980 demere,
1282 2884 1445 2981 posseml

456 3020 542 3094 Non
558 3017 706 3090 tontum
725 3042 854 3112 cervo,
874 3016 982 3089 claris
996 3017 1190 3090 latratibus
1206 3031 1310 3114 acto,

456 3150 601 3224 Verum
616 3145 728 3220 etiam
743 3148 887 3244 ventis,
906 3149 1131 3246 volucrique
1144 3135 1311 3246 fugncior
1322 3147 1422 3222 arud.

505 3280 574 3377 At‘,
592 3279 688 3352 bene
701 3279 733 3351 si
747 3278 872 3377 noris,
889 3281 1009 3378 pigeat
1021 3281 1156 3379 fugisse
1165 3311 1175 3380 3
1192 3309 1388 3380 morasque

501 3517 510 3548 ¹
534 3509 686 3568 Cann'lena
707 3511 842 3586 Cyclopis
861 3513 964 3568 laudes
983 3513 1117 3570 Galateae
1135 3515 1299 3584 continens,
1316 3526 1376 3570 tam
1393 3517 1494 3589 operte?

459 3612 626 3669 describitur
641 3633 661 3668 a
671 3612 766 3687 poeta
775 3653 783 3678 ,
801 3626 833 3668 ut
846 3611 920 3668 ιιίΙιιἹ
935 3615 1114 3687 expositione
1132 3614 1261 3690 indigere
1278 3616 1423 3672 videatur.
1442 3618 1496 3673 Est

461 3725 557 3768 autem
572 3711 719 3786 ligustrum
734 3713 824 3767 vioioe
835 3729 925 3786 genus
938 3713 1165 3770 candidissime.

497 3829 511 3858 ⁸
531 3827 615 3884 Mem'
625 3811 705 3900 quod
714 3827 744 3882 in
756 3828 891 3900 temperis
903 3842 1047 3886 momento
1059 3843 1192 3886 mutatur.
1205 3833 1352 3888 Hactenus
1361 3831 1492 3888 Gaiaeeoe

456 3925 707 3994 virtutessuerunt
720 3939 898 3981 enumeratee
905 3968 915 3995 ,
930 3947 1006 3984 nunc
1020 3931 1091 3985 verd
1104 3930 1177 3985 uite'o
1190 3929 1359 4000 reseruntur.

500 4031 512 4072 ³
538 4039 684 4096 Tribulum
699 4039 789 4097 herba
801 4053 844 4098 est
853 4043 975 4118 qu'nosa
982 4085 993 4114 ,
1008 4047 1148 4121 segetibus
1162 4045 1289 4100 inimica.
