3178 5350
410 569 479 663 174
521 581 607 638 css
634 549 1072 634 ndrsuonruosss
1103 575 1345 653 iromus,

407 731 506 826 Qui,
522 723 712 823 nisiquod
726 723 869 818 major,
885 717 989 817 quod
1004 721 1260 840 totocaerulus
1274 747 1348 796 ore
1363 729 1440 814 est,

404 859 490 932 Acis
508 869 597 932 erat.
620 854 690 928 Sed
705 853 757 927 sic
772 877 926 950 quoque
939 863 1018 923 erat
1031 863 1157 924 tamen
1171 853 1259 926 Acis
1272 856 1318 926 in
1334 873 1485 926 amnem

299 979 302 986 “
403 991 544 1066 Versus
561 1019 569 1064 :
585 999 623 1062 et
635 987 839 1084 antiquum
852 997 1060 1058 tenuerunt
1073 985 1237 1060 flumina
1253 1003 1418 1062 nomen.

487 1199 600 1276 XIV.
630 1201 771 1272 Glauci
783 1201 823 1272 in
838 1199 965 1269 Deum
982 1201 1171 1272 morinum
1187 1171 1365 1274 mutatio,

448 1399 686 1474 Dusruunr
707 1391 858 1466 Galatea
873 1391 999 1490 loqui,
1018 1404 1196 1490 coetuque
1212 1395 1364 1492 soluto,

399 1527 628 1622 Discedunt3
647 1521 879 1624 placidisque
894 1533 1026 1595 nutant
1038 1521 1217 1596 Nereides
1231 1523 1365 1598 undis.

398 1663 522 1762 scylla
534 1659 634 1736 redit
650 1687 657 1733 :
676 1655 917 1754 nequeenim
932 1654 1058 1728 medio
1071 1679 1110 1728 se
1123 1654 1275 1730 credere
1286 1666 1413 1754 ponto

398 1796 541 1892 Audet,
560 1805 673 1868 etcut
689 1789 819 1866 bibuld
831 1791 913 1864 sine
927 1789 1096 1863 vestibus
1114 1801 1214 1863 errat
1227 1789 1363 1886 arenti,

395 1931 475 2004 Aut
490 1929 558 2002 ubi
573 1909 703 2000 lassata
717 1937 791 2022 est,
811 1909 982 1998 seductos
997 1935 1105 1996 nacta
1118 1947 1283 1996 recessus

291 2083 296 2100 ’
396 2057 583 2156 Gurgitis,
598 2055 744 2130 inclusit
757 2081 824 2127 sua
836 2055 1007 2128 membra
1020 2053 1215 2152 refrigerat
1227 2051 1330 2127 undl
1348 2059 1373 2128 ¹.

395 2183 489 2258 Ecce
505 2183 646 2258 fretum
659 2181 808 2256 findens
821 2181 886 2256 alti
900 2207 1025 2256 novus
1039 2181 1161 2258 incola
1173 2183 1300 2282 ponti,
1363 2171 1388 2188 ’“

395 2317 526 2413 Nuper
541 2314 584 2387 in
600 2311 767 2388 Eubo'icd
782 2313 900 2386 versis
914 2311 1142 2386 Anthedone
1155 2311 1356 2410 membris,

393 2443 557 2517 Glaucus
573 2439 677 2514 adest
694 2469 702 2514 :
718 2440 885 2538 visaeque
901 2439 1083 2537 cupidine
1095 2440 1254 2538 virginis
1267 2439 1405 2538 heiret3

393 2573 459 2668 Et,
475 2597 725 2670 quaecumque
740 2582 848 2668 putet
864 2569 1069 2668 fugientem
1083 2597 1189 2670 posse
1205 2573 1364 2670 morari,

392 2701 517 2808 Verba
532 2699 647 2774 refert
664 2729 672 2774 ε
688 2699 784 2798 fugit
797 2697 861 2773 illu
874 2679 1001 2774 tamen
1018 2729 1026 2776 ε
1042 2701 1231 2798 veloxque
1246 2701 1380 2774 timore

392 2831 571 2904 Pervenit
583 2831 626 2902 in
640 2857 833 2904 summum
851 2831 964 2928 positi
978 2858 1096 2929 prope
1109 2833 1219 2908 litora
1232 2833 1384 2908 montis.

391 2959 490 3036 Ante
503 2949 661 3055 fretum,
678 2971 733 3031 est
747 2960 897 3058 ingens,
915 2963 1059 3058 apicem
1076 2963 1252 3036 collectus
1265 2964 1307 3036 in
1321 2985 1458 3056 unum,

389 3089 515 3188 Longa
528 3089 609 3162 sine
621 3089 818 3163 arboribus
832 3117 1026 3168 convexus
1037 3095 1083 3169 ad
1097 3123 1271 3196 aequom,
1287 3107 1427 3170 vertex.

389 3217 567 3293 Constitit
577 3217 643 3290 hic
660 3245 667 3290 :
687 3229 724 3291 et
736 3231 819 3292 tuta
831 3221 932 3318 loce,
952 3237 1234 3323 monstrumne,
1249 3228 1401 3300 Deusne

388 3347 455 3422 Ille
468 3347 535 3442 sit,
554 3345 748 3444 ignorans,
765 3347 1052 3450 admiraturque
1070 3356 1252 3453 colorem,

389 3479 660 3578 Caesariemque
672 3479 873 3582 humeros,
892 3489 1133 3586 subjectaque
1145 3501 1265 3584 terga,
1280 3497 1473 3585 tegentem,

386 3609 603 3708 Ultimaque
619 3613 780 3710 excipiat
795 3615 897 3712 quod
912 3619 1048 3691 tortilis
1065 3619 1222 3715 inguine
1236 3617 1358 3715 piscis.

386 3745 508 3816 Sentit
525 3774 532 3818 :
548 3757 584 3817 et
598 3743 787 3847 innitens,
802 3776 888 3846 quae
901 3753 1019 3824 stabat
1032 3750 1225 3849 proxima,
1241 3752 1352 3847 moli3

430 3927 438 3954 ¹
471 3923 552 3981 Ceus
570 3945 774 3986 consonnunce
795 3929 885 3987 d'une
904 3933 1018 4007 voyelle
1038 3931 1133 3992 douie
1153 3943 1182 3989 et
1202 3933 1361 4006 coulante,
1377 3943 1419 3988 est

386 4021 573 4096 tres-propre
588 4024 601 4078 :i
612 4024 738 4097 peindre
751 4045 809 4084 une
824 4027 915 4104 image
928 4031 1086 4107 grotieuse.
