<?xml version="1.0" encoding="UTF-8"?>
<!DOCTYPE html PUBLIC "-//W3C//DTD XHTML 1.0 Transitional//EN"
    "http://www.w3.org/TR/xhtml1/DTD/xhtml1-transitional.dtd">
<html xmlns="http://www.w3.org/1999/xhtml" xml:lang="en" lang="en">
 <head>
  <title>
</title>
<meta http-equiv="Content-Type" content="text/html;charset=utf-8" />
  <meta name='ocr-system' content='tesseract 3.04.00' />
  <meta name='ocr-capabilities' content='ocr_page ocr_carea ocr_par ocr_line ocrx_word'/>
</head>
<body>
  <div class='ocr_page' id='page_1' title='image "./lesmtamorphoses03saingoog_0044.png"; bbox 0 0 3248 5338; ppageno 0'>
   <div class='ocr_carea' id='block_1_1' title="bbox 470 533 1402 647">
    <p class='ocr_par' dir='ltr' id='par_1_1' title="bbox 470 533 1402 647">
     <span class='ocr_line' id='line_1_1' title="bbox 470 533 1402 647; baseline 0.002 -26"><span class='ocrx_word' id='word_1_1' title='bbox 470 547 517 621; x_wconf 75' lang='lat'><strong>28</strong></span> <span class='ocrx_word' id='word_1_2' title='bbox 586 563 670 619; x_wconf 73' lang='lat' dir='ltr'><strong>aas</strong></span> <span class='ocrx_word' id='word_1_3' title='bbox 700 533 1141 618; x_wconf 75' lang='lat' dir='ltr'><strong>nirauonrnosas</strong></span> <span class='ocrx_word' id='word_1_4' title='bbox 1171 559 1402 647; x_wconf 68' lang='lat' dir='ltr'><strong>nvovrna,</strong></span> 
     </span>
    </p>
   </div>
   <div class='ocr_carea' id='block_1_2' title="bbox 312 699 1318 804">
    <p class='ocr_par' dir='ltr' id='par_1_2' title="bbox 312 699 1318 804">
     <span class='ocr_line' id='line_1_2' title="bbox 312 699 1318 804; baseline 0.008 -26"><span class='ocrx_word' id='word_1_5' title='bbox 312 759 318 768; x_wconf 82' lang='lat'>·</span> <span class='ocrx_word' id='word_1_6' title='bbox 373 699 375 704; x_wconf 27' lang='lat'>⁸</span> <span class='ocrx_word' id='word_1_7' title='bbox 468 703 697 804; x_wconf 84' lang='lat' dir='ltr'><strong>Elatumque</strong></span> <span class='ocrx_word' id='word_1_8' title='bbox 710 707 802 803; x_wconf 73' lang='lat' dir='ltr'><strong>alte,</strong></span> <span class='ocrx_word' id='word_1_9' title='bbox 816 705 939 780; x_wconf 81' lang='lat' dir='ltr'><strong>veluti</strong></span> <span class='ocrx_word' id='word_1_10' title='bbox 955 706 1025 803; x_wconf 90' lang='lat' dir='ltr'><strong>qui</strong></span> <span class='ocrx_word' id='word_1_11' title='bbox 1037 704 1197 780; x_wconf 77' lang='lat' dir='ltr'><strong>eandida</strong></span> <span class='ocrx_word' id='word_1_12' title='bbox 1212 711 1318 786; x_wconf 86' lang='lat' dir='ltr'><strong>tauri</strong></span> 
     </span>
    </p>
   </div>
   <div class='ocr_carea' id='block_1_3' title="bbox 378 831 1610 4080">
    <p class='ocr_par' dir='ltr' id='par_1_3' title="bbox 465 831 1379 1462">
     <span class='ocr_line' id='line_1_3' title="bbox 467 831 1280 936; baseline 0.001 -25"><span class='ocrx_word' id='word_1_13' title='bbox 467 831 661 935; x_wconf 81' lang='lat' dir='ltr'><strong>Rumpere</strong></span> <span class='ocrx_word' id='word_1_14' title='bbox 676 835 840 911; x_wconf 75' lang='lat' dir='ltr'><strong>sacrifiod</strong></span> <span class='ocrx_word' id='word_1_15' title='bbox 855 835 1015 911; x_wconf 89' lang='lat' dir='ltr'><strong>molitur</strong></span> <span class='ocrx_word' id='word_1_16' title='bbox 1029 835 1124 910; x_wconf 85' lang='lat' dir='ltr'><strong>oolla</strong></span> <span class='ocrx_word' id='word_1_17' title='bbox 1136 839 1260 912; x_wconf 83' lang='lat' dir='ltr'><strong>securi</strong></span> <span class='ocrx_word' id='word_1_18' title='bbox 1268 865 1280 936; x_wconf 85' lang='lat'>3</span> 
     </span>
     <span class='ocr_line' id='line_1_4' title="bbox 466 967 1292 1068; baseline 0.006 -25"><span class='ocrx_word' id='word_1_19' title='bbox 466 967 579 1043; x_wconf 87' lang='lat' dir='ltr'><strong>lllisit</strong></span> <span class='ocrx_word' id='word_1_20' title='bbox 593 969 713 1046; x_wconf 89' lang='lat' dir='ltr'><strong>fronti</strong></span> <span class='ocrx_word' id='word_1_21' title='bbox 724 969 895 1068; x_wconf 85' lang='lat' dir='ltr'><strong>Lapithae</strong></span> <span class='ocrx_word' id='word_1_22' title='bbox 907 967 1120 1044; x_wconf 73' lang='lat' dir='ltr'>Celadontis</span> <span class='ocrx_word' id='word_1_23' title='bbox 1135 999 1144 1046; x_wconf 75' lang='grc' dir='ltr'>ε</span> <span class='ocrx_word' id='word_1_24' title='bbox 1159 984 1197 1046; x_wconf 87' lang='lat' dir='ltr'><strong>et</strong></span> <span class='ocrx_word' id='word_1_25' title='bbox 1209 999 1292 1048; x_wconf 83' lang='lat' dir='ltr'><strong>ossa</strong></span> 
     </span>
     <span class='ocr_line' id='line_1_5' title="bbox 466 1099 1290 1202; baseline 0.004 -26"><span class='ocrx_word' id='word_1_26' title='bbox 466 1099 552 1176; x_wconf 88' lang='lat' dir='ltr'><strong>Non</strong></span> <span class='ocrx_word' id='word_1_27' title='bbox 565 1103 797 1202; x_wconf 81' lang='lat' dir='ltr'><strong>agnosoendo</strong></span> <span class='ocrx_word' id='word_1_28' title='bbox 809 1101 967 1176; x_wconf 79' lang='lat' dir='ltr'><strong>confusa</strong></span> <span class='ocrx_word' id='word_1_29' title='bbox 982 1102 1138 1200; x_wconf 88' lang='lat' dir='ltr'><strong>reliquit</strong></span> <span class='ocrx_word' id='word_1_30' title='bbox 1153 1104 1196 1177; x_wconf 93' lang='lat' dir='ltr'><strong>in</strong></span> <span class='ocrx_word' id='word_1_31' title='bbox 1212 1131 1290 1179; x_wconf 88' lang='lat' dir='ltr'><strong>ore.</strong></span> 
     </span>
     <span class='ocr_line' id='line_1_6' title="bbox 467 1230 1328 1330; baseline 0.002 -24"><span class='ocrx_word' id='word_1_32' title='bbox 467 1230 663 1309; x_wconf 76' lang='lat' dir='ltr'><strong>Exsiluere</strong></span> <span class='ocrx_word' id='word_1_33' title='bbox 679 1234 799 1330; x_wconf 82' lang='lat' dir='ltr'><strong>oculi3</strong></span> <span class='ocrx_word' id='word_1_34' title='bbox 813 1232 1053 1330; x_wconf 76' lang='lat' dir='ltr'><strong>disiectisque</strong></span> <span class='ocrx_word' id='word_1_35' title='bbox 1066 1233 1213 1308; x_wconf 84' lang='lat' dir='ltr'><strong>ossibus</strong></span> <span class='ocrx_word' id='word_1_36' title='bbox 1229 1234 1328 1328; x_wconf 86' lang='lat' dir='ltr'><strong>oris,</strong></span> 
     </span>
     <span class='ocr_line' id='line_1_7' title="bbox 465 1361 1379 1462; baseline -0.001 -24"><span class='ocrx_word' id='word_1_37' title='bbox 465 1361 559 1438; x_wconf 83' lang='lat' dir='ltr'><strong>Acta</strong></span> <span class='ocrx_word' id='word_1_38' title='bbox 570 1377 672 1440; x_wconf 90' lang='lat' dir='ltr'><strong>retro</strong></span> <span class='ocrx_word' id='word_1_39' title='bbox 687 1371 808 1460; x_wconf 75' lang='lat' dir='ltr'><strong>naris,</strong></span> <span class='ocrx_word' id='word_1_40' title='bbox 823 1363 1024 1461; x_wconf 84' lang='lat' dir='ltr'><strong>medioque</strong></span> <span class='ocrx_word' id='word_1_41' title='bbox 1041 1361 1160 1438; x_wconf 88' lang='lat' dir='ltr'><strong>infixa</strong></span> <span class='ocrx_word' id='word_1_42' title='bbox 1173 1363 1297 1462; x_wconf 87' lang='lat' dir='ltr'><strong>palato</strong></span> <span class='ocrx_word' id='word_1_43' title='bbox 1310 1375 1379 1437; x_wconf 86' lang='lat' dir='ltr'><strong>est.</strong></span> 
     </span>
    </p>

    <p class='ocr_par' dir='ltr' id='par_1_4' title="bbox 378 1493 1610 2890">
     <span class='ocr_line' id='line_1_8' title="bbox 514 1493 1424 1595; baseline 0.003 -28"><span class='ocrx_word' id='word_1_44' title='bbox 514 1493 628 1569; x_wconf 87' lang='lat' dir='ltr'><strong>Hunc</strong></span> <span class='ocrx_word' id='word_1_45' title='bbox 644 1497 739 1595; x_wconf 85' lang='lat' dir='ltr'><strong>pede</strong></span> <span class='ocrx_word' id='word_1_46' title='bbox 755 1496 938 1570; x_wconf 84' lang='lat' dir='ltr'><strong>convulso</strong></span> <span class='ocrx_word' id='word_1_47' title='bbox 954 1521 1094 1571; x_wconf 83' lang='lat' dir='ltr'><strong>mensae</strong></span> <span class='ocrx_word' id='word_1_48' title='bbox 1109 1495 1266 1570; x_wconf 77' lang='lat' dir='ltr'><strong>Pellaeus</strong></span> <span class='ocrx_word' id='word_1_49' title='bbox 1278 1519 1424 1570; x_wconf 81' lang='lat' dir='ltr'><strong>aoernaa</strong></span> 
     </span>
     <span class='ocr_line' id='line_1_9' title="bbox 466 1625 1464 1724; baseline 0.001 -26"><span class='ocrx_word' id='word_1_50' title='bbox 466 1625 608 1700; x_wconf 78' lang='lat' dir='ltr'><strong>Stravit</strong></span> <span class='ocrx_word' id='word_1_51' title='bbox 622 1627 735 1702; x_wconf 90' lang='lat' dir='ltr'><strong>humi</strong></span> <span class='ocrx_word' id='word_1_52' title='bbox 750 1628 911 1719; x_wconf 86' lang='lat' dir='ltr'><strong>Belates,</strong></span> <span class='ocrx_word' id='word_1_53' title='bbox 925 1626 1080 1724; x_wconf 83' lang='lat' dir='ltr'><strong>disjecto</strong></span> <span class='ocrx_word' id='word_1_54' title='bbox 1092 1631 1135 1700; x_wconf 91' lang='lat' dir='ltr'><strong>in</strong></span> <span class='ocrx_word' id='word_1_55' title='bbox 1148 1638 1299 1724; x_wconf 84' lang='lat' dir='ltr'><strong>pectora</strong></span> <span class='ocrx_word' id='word_1_56' title='bbox 1311 1637 1444 1700; x_wconf 89' lang='lat' dir='ltr'><strong>mento</strong></span> <span class='ocrx_word' id='word_1_57' title='bbox 1451 1655 1464 1722; x_wconf 91' lang='lat'>;</span> 
     </span>
     <span class='ocr_line' id='line_1_10' title="bbox 466 1735 1610 1852; baseline 0 -27"><span class='ocrx_word' id='word_1_58' title='bbox 466 1753 640 1852; x_wconf 88' lang='lat' dir='ltr'><strong>Cumque</strong></span> <span class='ocrx_word' id='word_1_59' title='bbox 652 1767 735 1828; x_wconf 88' lang='lat' dir='ltr'><strong>atro</strong></span> <span class='ocrx_word' id='word_1_60' title='bbox 746 1753 889 1828; x_wconf 82' lang='lat' dir='ltr'><strong>mixtos</strong></span> <span class='ocrx_word' id='word_1_61' title='bbox 901 1763 1115 1850; x_wconf 81' lang='lat' dir='ltr'><strong>sputantem</strong></span> <span class='ocrx_word' id='word_1_62' title='bbox 1131 1751 1313 1850; x_wconf 79' lang='lat' dir='ltr'><strong>sanguine</strong></span> <span class='ocrx_word' id='word_1_63' title='bbox 1325 1751 1475 1848; x_wconf 83' lang='lat' dir='ltr'><strong>dentes,</strong></span> <span class='ocrx_word' id='word_1_64' title='bbox 1609 1735 1610 1740; x_wconf 6' lang='grc' dir='ltr'>ἵ</span> 
     </span>
     <span class='ocr_line' id='line_1_11' title="bbox 378 1881 1415 1982; baseline 0 -24"><span class='ocrx_word' id='word_1_65' title='bbox 378 1917 383 1932; x_wconf 83' lang='grc'><em>·</em></span> <span class='ocrx_word' id='word_1_66' title='bbox 465 1882 634 1958; x_wconf 83' lang='lat' dir='ltr'><strong>Vulnere</strong></span> <span class='ocrx_word' id='word_1_67' title='bbox 645 1885 839 1960; x_wconf 80' lang='lat' dir='ltr'><strong>Tartareas</strong></span> <span class='ocrx_word' id='word_1_68' title='bbox 851 1885 1039 1982; x_wconf 76' lang='lat' dir='ltr'><strong>geminato</strong></span> <span class='ocrx_word' id='word_1_69' title='bbox 1051 1882 1171 1958; x_wconf 77' lang='lat' dir='ltr'><strong>mittit</strong></span> <span class='ocrx_word' id='word_1_70' title='bbox 1185 1881 1233 1956; x_wconf 87' lang='lat' dir='ltr'><strong>ad</strong></span> <span class='ocrx_word' id='word_1_71' title='bbox 1247 1883 1415 1958; x_wconf 84' lang='lat' dir='ltr'><strong>umbras.</strong></span> 
     </span>
     <span class='ocr_line' id='line_1_12' title="bbox 464 2011 1359 2112; baseline 0.003 -25"><span class='ocrx_word' id='word_1_72' title='bbox 464 2011 657 2088; x_wconf 86' lang='lat' dir='ltr'><strong>Proxinus</strong></span> <span class='ocrx_word' id='word_1_73' title='bbox 673 2027 719 2088; x_wconf 90' lang='lat' dir='ltr'><strong>ut</strong></span> <span class='ocrx_word' id='word_1_74' title='bbox 732 2023 902 2112; x_wconf 87' lang='lat' dir='ltr'><strong>steterat,</strong></span> <span class='ocrx_word' id='word_1_75' title='bbox 917 2026 1086 2112; x_wconf 80' lang='lat' dir='ltr'><strong>spectans</strong></span> <span class='ocrx_word' id='word_1_76' title='bbox 1101 2014 1231 2088; x_wconf 85' lang='lat' dir='ltr'><strong>altaria</strong></span> <span class='ocrx_word' id='word_1_77' title='bbox 1243 2015 1359 2090; x_wconf 83' lang='lat' dir='ltr'><strong>vultu</strong></span> 
     </span>
     <span class='ocr_line' id='line_1_13' title="bbox 464 2143 1407 2242; baseline 0.005 -26"><span class='ocrx_word' id='word_1_78' title='bbox 464 2143 627 2217; x_wconf 87' lang='lat' dir='ltr'><strong>Fumida</strong></span> <span class='ocrx_word' id='word_1_79' title='bbox 640 2143 822 2241; x_wconf 86' lang='lat' dir='ltr'>terribili,</span> <span class='ocrx_word' id='word_1_80' title='bbox 837 2145 915 2218; x_wconf 84' lang='lat' dir='ltr'><strong>Gur</strong></span> <span class='ocrx_word' id='word_1_81' title='bbox 926 2171 1027 2242; x_wconf 87' lang='lat' dir='ltr'><strong>non,</strong></span> <span class='ocrx_word' id='word_1_82' title='bbox 1042 2145 1114 2242; x_wconf 80' lang='lat' dir='ltr'><strong>ait,</strong></span> <span class='ocrx_word' id='word_1_83' title='bbox 1129 2145 1278 2220; x_wconf 84' lang='lat' dir='ltr'><strong>utimur</strong></span> <span class='ocrx_word' id='word_1_84' title='bbox 1292 2146 1407 2221; x_wconf 75' lang='lat' dir='ltr'><strong>istis-&#39;l</strong></span> 
     </span>
     <span class='ocr_line' id='line_1_14' title="bbox 466 2271 1423 2371; baseline 0.003 -25"><span class='ocrx_word' id='word_1_85' title='bbox 466 2271 640 2371; x_wconf 86' lang='lat' dir='ltr'><strong>Cumque</strong></span> <span class='ocrx_word' id='word_1_86' title='bbox 651 2273 730 2346; x_wconf 85' lang='lat' dir='ltr'><strong>suis</strong></span> <span class='ocrx_word' id='word_1_87' title='bbox 743 2273 919 2371; x_wconf 77' lang='lat' dir='ltr'><strong>Gryneus</strong></span> <span class='ocrx_word' id='word_1_88' title='bbox 932 2273 1138 2348; x_wconf 84' lang='lat' dir='ltr'><strong>irnmanem</strong></span> <span class='ocrx_word' id='word_1_89' title='bbox 1150 2274 1306 2348; x_wconf 83' lang='lat' dir='ltr'><strong>sustulit</strong></span> <span class='ocrx_word' id='word_1_90' title='bbox 1317 2299 1423 2348; x_wconf 89' lang='lat' dir='ltr'><strong>aram</strong></span> 
     </span>
     <span class='ocr_line' id='line_1_15' title="bbox 465 2401 1468 2504; baseline 0.004 -28"><span class='ocrx_word' id='word_1_91' title='bbox 465 2401 636 2502; x_wconf 81' lang='lat' dir='ltr'><strong>Ignibus,</strong></span> <span class='ocrx_word' id='word_1_92' title='bbox 653 2416 690 2478; x_wconf 86' lang='lat' dir='ltr'><strong>et</strong></span> <span class='ocrx_word' id='word_1_93' title='bbox 701 2403 869 2479; x_wconf 89' lang='lat' dir='ltr'><strong>medium</strong></span> <span class='ocrx_word' id='word_1_94' title='bbox 884 2405 1133 2504; x_wconf 78' lang='lat' dir='ltr'><strong>Lapitharum</strong></span> <span class='ocrx_word' id='word_1_95' title='bbox 1146 2405 1236 2500; x_wconf 84' lang='lat' dir='ltr'><strong>jecit</strong></span> <span class='ocrx_word' id='word_1_96' title='bbox 1247 2404 1290 2478; x_wconf 88' lang='lat' dir='ltr'><strong>i&#39;n</strong></span> <span class='ocrx_word' id='word_1_97' title='bbox 1304 2430 1437 2503; x_wconf 76' lang='lat' dir='ltr'><strong>agmen</strong></span> <span class='ocrx_word' id='word_1_98' title='bbox 1446 2436 1468 2503; x_wconf 27' lang='lat'><strong>3¹·</strong></span> 
     </span>
     <span class='ocr_line' id='line_1_16' title="bbox 463 2531 1347 2634; baseline 0.007 -29"><span class='ocrx_word' id='word_1_99' title='bbox 463 2531 730 2634; x_wconf 89' lang='lat' dir='ltr'><strong>Depressitque</strong></span> <span class='ocrx_word' id='word_1_100' title='bbox 745 2536 861 2634; x_wconf 82' lang='lat' dir='ltr'><strong>duos,</strong></span> <span class='ocrx_word' id='word_1_101' title='bbox 875 2535 1039 2611; x_wconf 81' lang='lat' dir='ltr'><strong>Brotean</strong></span> <span class='ocrx_word' id='word_1_102' title='bbox 1052 2547 1089 2612; x_wconf 89' lang='lat' dir='ltr'><strong>et</strong></span> <span class='ocrx_word' id='word_1_103' title='bbox 1101 2537 1236 2614; x_wconf 90' lang='lat' dir='ltr'><strong>Orion.</strong></span> <span class='ocrx_word' id='word_1_104' title='bbox 1252 2537 1347 2616; x_wconf 89' lang='lat' dir='ltr'><strong>Orio</strong></span> 
     </span>
     <span class='ocr_line' id='line_1_17' title="bbox 463 2661 1414 2766; baseline 0.009 -29"><span class='ocrx_word' id='word_1_105' title='bbox 463 2661 583 2739; x_wconf 80' lang='lat' dir='ltr'><strong>Mater</strong></span> <span class='ocrx_word' id='word_1_106' title='bbox 599 2681 679 2740; x_wconf 83' lang='lat' dir='ltr'><strong>erat</strong></span> <span class='ocrx_word' id='word_1_107' title='bbox 692 2667 855 2766; x_wconf 83' lang='lat' dir='ltr'><strong>Mycale,</strong></span> <span class='ocrx_word' id='word_1_108' title='bbox 871 2694 988 2766; x_wconf 85' lang='lat' dir='ltr'><strong>quam</strong></span> <span class='ocrx_word' id='word_1_109' title='bbox 1001 2667 1203 2746; x_wconf 84' lang='lat' dir='ltr'><strong>deduxisse</strong></span> <span class='ocrx_word' id='word_1_110' title='bbox 1218 2669 1414 2746; x_wconf 81' lang='lat' dir='ltr'><strong>oanendo·</strong></span> 
     </span>
     <span class='ocr_line' id='line_1_18' title="bbox 463 2793 1297 2890; baseline 0.007 -24"><span class='ocrx_word' id='word_1_111' title='bbox 463 2793 569 2890; x_wconf 85' lang='lat' dir='ltr'><strong>Saepe</strong></span> <span class='ocrx_word' id='word_1_112' title='bbox 583 2796 785 2870; x_wconf 85' lang='lat' dir='ltr'><strong>reluctanti</strong></span> <span class='ocrx_word' id='word_1_113' title='bbox 801 2799 992 2872; x_wconf 82' lang='lat' dir='ltr'><strong>constabat</strong></span> <span class='ocrx_word' id='word_1_114' title='bbox 1006 2821 1150 2872; x_wconf 80' lang='lat' dir='ltr'><strong>cornua</strong></span> <span class='ocrx_word' id='word_1_115' title='bbox 1165 2797 1297 2872; x_wconf 69' lang='lat' dir='ltr'><strong>Lunai.</strong></span> 
     </span>
    </p>

    <p class='ocr_par' dir='ltr' id='par_1_5' title="bbox 458 2921 1412 3282">
     <span class='ocr_line' id='line_1_19' title="bbox 512 2921 1383 3020; baseline 0.001 -25"><span class='ocrx_word' id='word_1_116' title='bbox 512 2923 598 2995; x_wconf 94' lang='lat' dir='ltr'><strong>Non</strong></span> <span class='ocrx_word' id='word_1_117' title='bbox 614 2921 772 3018; x_wconf 77' lang='lat' dir='ltr'><strong>impune</strong></span> <span class='ocrx_word' id='word_1_118' title='bbox 787 2921 901 3020; x_wconf 82' lang='lat' dir='ltr'><strong>feres,</strong></span> <span class='ocrx_word' id='word_1_119' title='bbox 916 2923 981 2996; x_wconf 89' lang='lat' dir='ltr'><strong>teli</strong></span> <span class='ocrx_word' id='word_1_120' title='bbox 995 2923 1109 2998; x_wconf 76' lang='lat' dir='ltr'><strong>modd</strong></span> <span class='ocrx_word' id='word_1_121' title='bbox 1125 2923 1233 3020; x_wconf 87' lang='lat' dir='ltr'><strong>eopia</strong></span> <span class='ocrx_word' id='word_1_122' title='bbox 1248 2921 1383 3019; x_wconf 87' lang='lat' dir='ltr'><strong>detur,</strong></span> 
     </span>
     <span class='ocr_line' id='line_1_20' title="bbox 458 3051 1412 3155; baseline -0.001 -29"><span class='ocrx_word' id='word_1_123' title='bbox 458 3051 623 3155; x_wconf 13' lang='lat' dir='ltr'><strong>*Dixerat</strong></span> <span class='ocrx_word' id='word_1_124' title='bbox 639 3051 807 3128; x_wconf 85' lang='lat' dir='ltr'><strong>Exadius</strong></span> <span class='ocrx_word' id='word_1_125' title='bbox 824 3083 832 3128; x_wconf 91' lang='lat'>:</span> <span class='ocrx_word' id='word_1_126' title='bbox 849 3055 990 3153; x_wconf 90' lang='lat' dir='ltr'><strong>telique</strong></span> <span class='ocrx_word' id='word_1_127' title='bbox 1006 3053 1120 3128; x_wconf 88' lang='lat' dir='ltr'><strong>habet</strong></span> <span class='ocrx_word' id='word_1_128' title='bbox 1133 3053 1263 3148; x_wconf 87' lang='lat' dir='ltr'><strong>instar,</strong></span> <span class='ocrx_word' id='word_1_129' title='bbox 1278 3053 1323 3126; x_wconf 90' lang='lat' dir='ltr'><strong>in</strong></span> <span class='ocrx_word' id='word_1_130' title='bbox 1338 3051 1412 3126; x_wconf 74' lang='lat' dir='ltr'><strong>alta</strong></span> 
     </span>
     <span class='ocr_line' id='line_1_21' title="bbox 466 3177 1288 3282; baseline 0.004 -30"><span class='ocrx_word' id='word_1_131' title='bbox 466 3179 562 3266; x_wconf 67' lang='lat' dir='ltr'><strong>Quae</strong></span> <span class='ocrx_word' id='word_1_132' title='bbox 578 3179 729 3256; x_wconf 89' lang='lat' dir='ltr'><strong>fuerant</strong></span> <span class='ocrx_word' id='word_1_133' title='bbox 742 3184 860 3282; x_wconf 90' lang='lat' dir='ltr'><strong>pinu,</strong></span> <span class='ocrx_word' id='word_1_134' title='bbox 876 3185 1000 3258; x_wconf 81' lang='lat' dir='ltr'><strong>votivi</strong></span> <span class='ocrx_word' id='word_1_135' title='bbox 1014 3209 1157 3258; x_wconf 87' lang='lat' dir='ltr'><strong>cornua</strong></span> <span class='ocrx_word' id='word_1_136' title='bbox 1173 3177 1288 3258; x_wconf 80' lang='lat' dir='ltr'><strong>cervi.</strong></span> 
     </span>
    </p>

    <p class='ocr_par' dir='ltr' id='par_1_6' title="bbox 463 3311 1520 3680">
     <span class='ocr_line' id='line_1_22' title="bbox 464 3311 1425 3415; baseline 0 -27"><span class='ocrx_word' id='word_1_137' title='bbox 464 3313 609 3412; x_wconf 86' lang='lat' dir='ltr'><strong>Figitur</strong></span> <span class='ocrx_word' id='word_1_138' title='bbox 623 3311 716 3390; x_wconf 86' lang='lat' dir='ltr'><strong>huic</strong></span> <span class='ocrx_word' id='word_1_139' title='bbox 732 3315 875 3414; x_wconf 89' lang='lat' dir='ltr'><strong>duplici</strong></span> <span class='ocrx_word' id='word_1_140' title='bbox 892 3317 1068 3415; x_wconf 86' lang='lat' dir='ltr'><strong>Gryneus</strong></span> <span class='ocrx_word' id='word_1_141' title='bbox 1080 3317 1123 3390; x_wconf 93' lang='lat' dir='ltr'><strong>in</strong></span> <span class='ocrx_word' id='word_1_142' title='bbox 1138 3316 1288 3391; x_wconf 86' lang='lat' dir='ltr'><strong>lumina</strong></span> <span class='ocrx_word' id='word_1_143' title='bbox 1299 3339 1425 3411; x_wconf 87' lang='lat' dir='ltr'><strong>ramo,</strong></span> 
     </span>
     <span class='ocr_line' id='line_1_23' title="bbox 463 3437 1515 3550; baseline 0.003 -30"><span class='ocrx_word' id='word_1_144' title='bbox 463 3447 699 3547; x_wconf 85' lang='lat' dir='ltr'><strong>Eruiturque</strong></span> <span class='ocrx_word' id='word_1_145' title='bbox 715 3451 843 3526; x_wconf 88' lang='lat' dir='ltr'><strong>oculos</strong></span> <span class='ocrx_word' id='word_1_146' title='bbox 861 3480 869 3526; x_wconf 76' lang='grc' dir='ltr'>ε</span> <span class='ocrx_word' id='word_1_147' title='bbox 885 3478 1051 3550; x_wconf 87' lang='lat' dir='ltr'><strong>quorum</strong></span> <span class='ocrx_word' id='word_1_148' title='bbox 1065 3477 1151 3550; x_wconf 78' lang='lat' dir='ltr'><strong>pars</strong></span> <span class='ocrx_word' id='word_1_149' title='bbox 1164 3452 1344 3527; x_wconf 89' lang='lat' dir='ltr'><strong>oornibus</strong></span> <span class='ocrx_word' id='word_1_150' title='bbox 1360 3437 1515 3548; x_wconf 50' lang='lat' dir='ltr'><strong>hairus</strong></span> 
     </span>
     <span class='ocr_line' id='line_1_24' title="bbox 464 3577 1520 3680; baseline 0.006 -31"><span class='ocrx_word' id='word_1_151' title='bbox 464 3577 553 3650; x_wconf 87' lang='lat' dir='ltr'><strong>Pars</strong></span> <span class='ocrx_word' id='word_1_152' title='bbox 565 3577 652 3652; x_wconf 83' lang='lat' dir='ltr'><strong>fluit</strong></span> <span class='ocrx_word' id='word_1_153' title='bbox 665 3582 708 3652; x_wconf 94' lang='lat' dir='ltr'><strong>in</strong></span> <span class='ocrx_word' id='word_1_154' title='bbox 723 3581 896 3678; x_wconf 83' lang='lat' dir='ltr'><strong>barbarn3</strong></span> <span class='ocrx_word' id='word_1_155' title='bbox 911 3593 1157 3680; x_wconf 74' lang='lat' dir='ltr'><strong>concretaque</strong></span> <span class='ocrx_word' id='word_1_156' title='bbox 1170 3581 1352 3680; x_wconf 79' lang='lat' dir='ltr'><strong>sanguine</strong></span> <span class='ocrx_word' id='word_1_157' title='bbox 1364 3579 1520 3678; x_wconf 85' lang='lat' dir='ltr'><strong>pendet.</strong></span> 
     </span>
    </p>

    <p class='ocr_par' dir='ltr' id='par_1_7' title="bbox 462 3711 1440 4080">
     <span class='ocr_line' id='line_1_25' title="bbox 515 3711 1437 3814; baseline 0.003 -32"><span class='ocrx_word' id='word_1_158' title='bbox 515 3711 607 3783; x_wconf 86' lang='lat' dir='ltr'><strong>Ecce</strong></span> <span class='ocrx_word' id='word_1_159' title='bbox 625 3713 724 3809; x_wconf 85' lang='lat' dir='ltr'><strong>rapit</strong></span> <span class='ocrx_word' id='word_1_160' title='bbox 739 3713 874 3788; x_wconf 88' lang='lat' dir='ltr'><strong>mediis</strong></span> <span class='ocrx_word' id='word_1_161' title='bbox 886 3715 1103 3814; x_wconf 81' lang='lat' dir='ltr'><strong>flagrantem</strong></span> <span class='ocrx_word' id='word_1_162' title='bbox 1118 3713 1280 3790; x_wconf 85' lang='lat' dir='ltr'><strong>Rhoetus</strong></span> <span class='ocrx_word' id='word_1_163' title='bbox 1297 3715 1344 3787; x_wconf 83' lang='lat' dir='ltr'><strong>ab</strong></span> <span class='ocrx_word' id='word_1_164' title='bbox 1360 3713 1437 3786; x_wconf 84' lang='lat' dir='ltr'><strong>aris</strong></span> 
     </span>
     <span class='ocr_line' id='line_1_26' title="bbox 462 3829 1440 3948; baseline 0.011 -36"><span class='ocrx_word' id='word_1_165' title='bbox 462 3839 683 3916; x_wconf 83' lang='lat' dir='ltr'><strong>Prirnitium</strong></span> <span class='ocrx_word' id='word_1_166' title='bbox 694 3855 836 3920; x_wconf 90' lang='lat' dir='ltr'><strong>torrem</strong></span> <span class='ocrx_word' id='word_1_167' title='bbox 853 3876 861 3921; x_wconf 91' lang='lat'>:</span> <span class='ocrx_word' id='word_1_168' title='bbox 876 3845 1084 3946; x_wconf 76' lang='lat' dir='ltr'><strong>dextrdque</strong></span> <span class='ocrx_word' id='word_1_169' title='bbox 1096 3875 1118 3922; x_wconf 86' lang='lat' dir='ltr'><strong>a</strong></span> <span class='ocrx_word' id='word_1_170' title='bbox 1131 3829 1253 3948; x_wconf 84' lang='lat' dir='ltr'><strong>parte,</strong></span> <span class='ocrx_word' id='word_1_171' title='bbox 1270 3847 1440 3923; x_wconf 79' lang='lat' dir='ltr'><strong>Charaxi</strong></span> 
     </span>
     <span class='ocr_line' id='line_1_27' title="bbox 463 3965 1348 4080; baseline 0.007 -30"><span class='ocrx_word' id='word_1_172' title='bbox 463 3973 649 4072; x_wconf 84' lang='lat' dir='ltr'><strong>Tempora</strong></span> <span class='ocrx_word' id='word_1_173' title='bbox 661 3965 879 4079; x_wconf 73' lang='lat' dir='ltr'><strong>perfringit3</strong></span> <span class='ocrx_word' id='word_1_174' title='bbox 895 3975 1002 4059; x_wconf 78' lang='lat' dir='ltr'><strong>firlvo</strong></span> <span class='ocrx_word' id='word_1_175' title='bbox 1016 3991 1185 4080; x_wconf 84' lang='lat' dir='ltr'><strong>protecta</strong></span> <span class='ocrx_word' id='word_1_176' title='bbox 1198 3977 1348 4078; x_wconf 72' lang='lat' dir='ltr'><strong>eapilltn</strong></span> 
     </span>
    </p>
   </div>
   <div class='ocr_carea' id='block_1_4' title="bbox 0 0 1628 5338">
    <p class='ocr_par' dir='ltr' id='par_1_8' title="bbox 0 0 1628 5338">
     <span class='ocr_line' id='line_1_28' title="bbox 0 0 1628 5338; baseline 0 3"><span class='ocrx_word' id='word_1_177' title='bbox 0 0 1628 5338; x_wconf 95' lang='lat' dir='ltr'><strong> </strong></span> 
     </span>
    </p>
   </div>
  </div>
 </body>
</html>
