3178 5350
413 589 487 666 250
528 604 613 662 nes
641 574 1086 659 niranonrnosns
1116 601 1348 678 monna,

412 747 613 846 Murmur,
628 759 667 822 et
679 746 722 822 in
734 758 876 820 terram
889 755 969 819 toto
982 747 1233 844 procumbere
1248 746 1389 844 vultu3

410 881 540 980 Osque
553 907 684 956 meum
697 878 798 954 sensi
810 875 937 976 pando
950 875 1189 954 occallescere
1202 889 1326 954 rostro
1341 883 1373 976 ¹,

410 1012 516 1086 Colla
529 1025 677 1086 tumere
691 1010 785 1084 toris
802 1037 810 1084 :
827 1020 884 1106 et,
901 1007 981 1107 qud
992 1007 1109 1082 modd
1122 1009 1262 1110 pocula
1275 1019 1384 1108 parte

410 1145 545 1222 Sumta
558 1145 842 1242 ministremus,
858 1143 924 1218 ille
936 1143 1093 1242 vestigia
1108 1143 1192 1218 feci.

412 1279 587 1378 Cumque
601 1279 731 1354 eadem
743 1277 882 1378 passis,
896 1279 1049 1356 tantirm
1061 1276 1313 1354 medicamina
1325 1275 1502 1376 possunt!

412 1407 577 1484 Claudor
591 1409 685 1485 hard
701 1439 710 1486 ε
725 1410 926 1508 solumque
939 1409 1020 1484 suis
1034 1409 1198 1484 caruisse
1209 1405 1331 1507 ligura

411 1537 590 1614 Vidimus
603 1540 867 1639 Eurylochum
885 1569 892 1614 :
910 1540 1012 1614 solus
1028 1539 1115 1614 deta
1129 1539 1265 1638 pocula
1278 1538 1390 1636 fugit.

461 1665 559 1753 Quae
571 1667 648 1750 uisi
664 1665 837 1763 vitasset,
854 1665 1001 1764 pecoris
1017 1691 1103 1764 pars
1117 1693 1197 1741 una
1212 1673 1384 1741 maneret

412 1795 525 1872 Nunc
536 1823 692 1896 quoque
704 1794 853 1893 setigeri
870 1825 879 1870 :
894 1821 984 1894 nec,
1003 1807 1119 1872 untae
1133 1795 1249 1871 cladis
1261 1795 1309 1872 ab
1323 1793 1391 1868 illo

413 1923 578 2022 Certior,
595 1925 643 2000 ad
660 1927 795 2004 Circen
811 1927 917 2003 ultor
932 1926 1118 2022 venisset,
1136 1923 1302 2022 Ulysses.

412 2053 585 2130 Pacifer·
601 2055 695 2132 huic
711 2055 866 2133 dederat
876 2055 1011 2132 florem
1027 2055 1222 2153 Cyllenius
1234 2056 1385 2152 album3

412 2185 520 2286 Moly
532 2197 671 2262 vocent
683 2187 821 2287 Superi
842 2217 850 2263 ε
868 2186 975 2287 nigri
987 2186 1112 2262 radice
1125 2197 1289 2262 tenetur.

412 2309 538 2388 Tutus
552 2339 614 2406 eo,
630 2314 862 2414 monitisque
875 2313 992 2388 simul
1004 2314 1218 2390 coelestibus
1231 2316 1350 2392 intrat

413 2447 482 2522 Ille
496 2447 658 2522 domum
673 2447 798 2522 Circes
816 2477 824 2522 :
841 2447 939 2521 etad
955 2446 1137 2520 insidiosa
1148 2457 1305 2521 vocatus

412 2584 570 2682 Pocula,
585 2597 786 2660 conantem
801 2583 908 2683 virgei
921 2583 1088 2658 mulcere
1101 2582 1255 2681 capillos

414 2713 588 2812 Repulit3
607 2725 645 2788 et
658 2714 789 2788 stricto
802 2712 982 2812 pavidam
995 2713 1181 2788 deterruit
1198 2737 1298 2789 ense.

412 2843 507 2917 Inde
523 2842 632 2940 fides,
648 2843 867 2942 dextraeque
877 2843 973 2918 datae
984 2872 992 2920 ε
1002 2844 1245 2943 thalamoque
1257 2858 1445 2945 receptus,

412 2977 587 3075 Conjugii
599 2976 748 3075 dotem,
763 2978 954 3052 sociorum
967 3003 1143 3076 corpora,
1159 2977 1291 3076 poscit.

461 3107 683 3207 Spargimur
696 3109 873 3186 innocuoe
889 3111 1009 3186 succis
1024 3110 1246 3188 melioribus
1262 3109 1410 3208 herbae,

456 3307 466 3338 ¹
491 3305 599 3363 Pande
606 3307 804 3364 occallmcere.
815 3309 999 3386 Remarquea
1008 3309 1219 3386 queladurete
1225 3309 1262 3368 de
1269 3321 1343 3368 cette
1351 3310 1454 3368 tlision

412 3405 513 3480 ajoute
528 3406 546 3464 i
562 3407 591 3464 la
603 3406 685 3465 loroe
697 3405 734 3466 de
747 3409 872 3488 l'image.
886 3411 928 3468 La
937 3411 1175 3487 mdumorphose
1184 3409 1237 3469 dea
1251 3429 1450 3488 compagnons

412 3506 548 3581 d'Ulysse
562 3525 598 3566 en
609 3525 782 3582 pourceaux
800 3511 953 3586 repugno,
974 3529 1055 3586 pour
1069 3511 1096 3568 le
1113 3509 1187 3568 lond
1207 3509 1245 3568 de
1267 3509 1370 3578 ttdte,
1388 3511 1404 3566 t
1423 3511 1451 3566 la

411 3603 579 3662 delientetse
596 3604 639 3663 du
654 3607 738 3684 gorlt.
756 3607 832 3666 Maia
853 3627 940 3686 grace
958 3610 976 3668 1
995 3610 1023 3667 ln
1039 3609 1134 3688 magle
1148 3609 1192 3668 du
1209 3611 1282 3688 style
1293 3611 1451 3688 potitique,

412 3701 467 3759 elle
480 3713 539 3773 est,
556 3721 623 3762 sans
637 3705 802 3778 contredit,
823 3727 866 3764 nn
883 3705 935 3766 des
956 3709 1027 3786 plns
1046 3709 1142 3768 beaux
1161 3707 1293 3767 endroits
1315 3707 1352 3766 de
1376 3721 1450 3768 cette

409 3799 498 3858 table.

453 3903 467 3934 ⁸
489 3901 650 3962 Mercurius
662 3905 715 3983 qui
732 3906 777 3963 ad
779 3925 891 3984 pacem
904 3907 1039 3980 mittitur,
1059 3907 1308 3984 quemadmodum
1331 3906 1389 3964 Iris
1409 3906 1453 3962 od

411 4001 597 4062 dt'rcordt'am.
