<?xml version="1.0" encoding="UTF-8"?>
<!DOCTYPE html PUBLIC "-//W3C//DTD XHTML 1.0 Transitional//EN"
    "http://www.w3.org/TR/xhtml1/DTD/xhtml1-transitional.dtd">
<html xmlns="http://www.w3.org/1999/xhtml" xml:lang="en" lang="en">
 <head>
  <title>
</title>
<meta http-equiv="Content-Type" content="text/html;charset=utf-8" />
  <meta name='ocr-system' content='tesseract 3.04.00' />
  <meta name='ocr-capabilities' content='ocr_page ocr_carea ocr_par ocr_line ocrx_word'/>
</head>
<body>
  <div class='ocr_page' id='page_1' title='image "./lesmtamorphoses03saingoog_0246.png"; bbox 0 0 3178 5350; ppageno 0'>
   <div class='ocr_carea' id='block_1_1' title="bbox 426 576 1352 685">
    <p class='ocr_par' dir='ltr' id='par_1_1' title="bbox 426 576 1352 685">
     <span class='ocr_line' id='line_1_1' title="bbox 426 576 1352 685; baseline 0.004 -23"><span class='ocrx_word' id='word_1_1' title='bbox 426 577 498 664; x_wconf 72' lang='lat'><strong>216</strong></span> <span class='ocrx_word' id='word_1_2' title='bbox 539 605 625 660; x_wconf 78' lang='lat' dir='ltr'><strong>ces</strong></span> <span class='ocrx_word' id='word_1_3' title='bbox 653 576 1091 660; x_wconf 71' lang='lat' dir='ltr'><strong>uirtuorrsoses</strong></span> <span class='ocrx_word' id='word_1_4' title='bbox 1122 607 1352 685; x_wconf 72' lang='lat' dir='ltr'><strong>novius,</strong></span> 
     </span>
    </p>
   </div>
   <div class='ocr_carea' id='block_1_2' title="bbox 423 751 1486 985">
    <p class='ocr_par' dir='ltr' id='par_1_2' title="bbox 423 751 1581 1006">
     <span class='ocr_line' id='line_1_2' title="bbox 423 751 1236 850; baseline 0.007 -26"><span class='ocrx_word' id='word_1_5' title='bbox 423 751 574 836; x_wconf 81' lang='lat' dir='ltr'><strong>innuba</strong></span> <span class='ocrx_word' id='word_1_6' title='bbox 586 777 799 850; x_wconf 83' lang='lat' dir='ltr'><strong>penneneo.</strong></span> <span class='ocrx_word' id='word_1_7' title='bbox 820 751 891 826; x_wconf 86' lang='lat' dir='ltr'><strong>Sed</strong></span> <span class='ocrx_word' id='word_1_8' title='bbox 904 755 979 847; x_wconf 84' lang='lat' dir='ltr'><strong>jam</strong></span> <span class='ocrx_word' id='word_1_9' title='bbox 993 752 1136 827; x_wconf 80' lang='lat' dir='ltr'><strong>felicior</strong></span> <span class='ocrx_word' id='word_1_10' title='bbox 1149 767 1236 830; x_wconf 78' lang='lat' dir='ltr'><strong>aetas</strong></span> 
     </span>
     <span class='ocr_line' id='line_1_3' title="bbox 423 881 1486 985; baseline 0.002 -30"><span class='ocrx_word' id='word_1_11' title='bbox 423 881 542 981; x_wconf 82' lang='lat' dir='ltr'><strong>Terga</strong></span> <span class='ocrx_word' id='word_1_12' title='bbox 554 883 658 958; x_wconf 80' lang='lat' dir='ltr'><strong>dedit</strong></span> <span class='ocrx_word' id='word_1_13' title='bbox 671 884 928 980; x_wconf 89' lang='lat' dir='ltr'><strong>:tremuloque</strong></span> <span class='ocrx_word' id='word_1_14' title='bbox 942 882 1058 980; x_wconf 80' lang='lat' dir='ltr'><strong>gradu</strong></span> <span class='ocrx_word' id='word_1_15' title='bbox 1074 886 1181 958; x_wconf 84' lang='lat' dir='ltr'><strong>venit</strong></span> <span class='ocrx_word' id='word_1_16' title='bbox 1193 913 1289 985; x_wconf 75' lang='lat' dir='ltr'><strong>aegm</strong></span> <span class='ocrx_word' id='word_1_17' title='bbox 1303 893 1486 979; x_wconf 82' lang='lat' dir='ltr'><strong>senectus3</strong></span> 
     </span>
    </p>
   </div>
   <div class='ocr_carea' id='block_1_3' title="bbox 304 1010 1478 1116">
    <p class='ocr_par' dir='ltr' id='par_1_3' title="bbox 304 1010 1478 1116">
     <span class='ocr_line' id='line_1_4' title="bbox 304 1010 1478 1116; baseline 0.002 -27"><span class='ocrx_word' id='word_1_18' title='bbox 304 1093 307 1098; x_wconf 83' lang='lat'><em>.</em></span> <span class='ocrx_word' id='word_1_19' title='bbox 366 1010 369 1017; x_wconf 70' lang='grc'>’</span> <span class='ocrx_word' id='word_1_20' title='bbox 423 1015 520 1102; x_wconf 85' lang='lat' dir='ltr'><strong>Ques</strong></span> <span class='ocrx_word' id='word_1_21' title='bbox 533 1015 709 1112; x_wconf 82' lang='lat' dir='ltr'><strong>patienda</strong></span> <span class='ocrx_word' id='word_1_22' title='bbox 720 1015 790 1090; x_wconf 78' lang='lat' dir='ltr'><strong>diu</strong></span> <span class='ocrx_word' id='word_1_23' title='bbox 803 1027 868 1088; x_wconf 89' lang='lat' dir='ltr'><strong>est.</strong></span> <span class='ocrx_word' id='word_1_24' title='bbox 884 1015 979 1088; x_wconf 85' lang='lat' dir='ltr'><strong>Nam</strong></span> <span class='ocrx_word' id='word_1_25' title='bbox 995 1017 1071 1112; x_wconf 82' lang='lat' dir='ltr'><strong>jam</strong></span> <span class='ocrx_word' id='word_1_26' title='bbox 1084 1017 1183 1090; x_wconf 88' lang='lat' dir='ltr'><strong>mihi</strong></span> <span class='ocrx_word' id='word_1_27' title='bbox 1195 1021 1330 1094; x_wconf 84' lang='lat' dir='ltr'><strong>saecula</strong></span> <span class='ocrx_word' id='word_1_28' title='bbox 1342 1029 1478 1116; x_wconf 79' lang='lat' dir='ltr'><strong>septem</strong></span> 
     </span>
    </p>
   </div>
   <div class='ocr_carea' id='block_1_4' title="bbox 422 1139 1472 1375">
    <p class='ocr_par' dir='ltr' id='par_1_4' title="bbox 422 1139 1472 1375">
     <span class='ocr_line' id='line_1_5' title="bbox 422 1139 1472 1248; baseline 0.004 -30"><span class='ocrx_word' id='word_1_29' title='bbox 422 1139 514 1220; x_wconf 80' lang='lat' dir='ltr'><strong>Acta</strong></span> <span class='ocrx_word' id='word_1_30' title='bbox 526 1147 633 1222; x_wconf 86' lang='lat' dir='ltr'><strong>vides</strong></span> <span class='ocrx_word' id='word_1_31' title='bbox 650 1177 658 1223; x_wconf 76' lang='grc' dir='ltr'><strong>ε</strong></span> <span class='ocrx_word' id='word_1_32' title='bbox 674 1143 864 1247; x_wconf 87' lang='lat' dir='ltr'><strong>superest,</strong></span> <span class='ocrx_word' id='word_1_33' title='bbox 879 1173 1057 1221; x_wconf 90' lang='lat' dir='ltr'><strong>numeros</strong></span> <span class='ocrx_word' id='word_1_34' title='bbox 1069 1159 1114 1220; x_wconf 90' lang='lat' dir='ltr'><strong>ut</strong></span> <span class='ocrx_word' id='word_1_35' title='bbox 1128 1149 1299 1245; x_wconf 89' lang='lat' dir='ltr'><strong>pulveris</strong></span> <span class='ocrx_word' id='word_1_36' title='bbox 1311 1174 1472 1248; x_wconf 75' lang='lat' dir='ltr'><strong>ecquem,</strong></span> 
     </span>
     <span class='ocr_line' id='line_1_6' title="bbox 422 1277 1365 1375; baseline 0.003 -26"><span class='ocrx_word' id='word_1_37' title='bbox 422 1277 663 1352; x_wconf 87' lang='lat' dir='ltr'><strong>Tercentum</strong></span> <span class='ocrx_word' id='word_1_38' title='bbox 676 1304 831 1375; x_wconf 88' lang='lat' dir='ltr'><strong>messes,</strong></span> <span class='ocrx_word' id='word_1_39' title='bbox 846 1289 904 1351; x_wconf 87' lang='lat' dir='ltr'><strong>ter</strong></span> <span class='ocrx_word' id='word_1_40' title='bbox 917 1288 1070 1352; x_wconf 88' lang='lat' dir='ltr'><strong>centum</strong></span> <span class='ocrx_word' id='word_1_41' title='bbox 1083 1289 1207 1352; x_wconf 82' lang='lat' dir='ltr'><strong>musta</strong></span> <span class='ocrx_word' id='word_1_42' title='bbox 1222 1279 1365 1354; x_wconf 86' lang='lat' dir='ltr'><strong>videre.</strong></span> 
     </span>
    </p>
   </div>
   <div class='ocr_carea' id='block_1_5' title="bbox 421 1405 1422 1629">
    <p class='ocr_par' dir='ltr' id='par_1_5' title="bbox 421 1405 1422 1629">
     <span class='ocr_line' id='line_1_7' title="bbox 422 1405 1398 1504; baseline 0 -24"><span class='ocrx_word' id='word_1_43' title='bbox 422 1405 589 1503; x_wconf 85' lang='lat' dir='ltr'><strong>Tempus</strong></span> <span class='ocrx_word' id='word_1_44' title='bbox 605 1407 697 1501; x_wconf 89' lang='lat' dir='ltr'><strong>erit,</strong></span> <span class='ocrx_word' id='word_1_45' title='bbox 717 1408 805 1480; x_wconf 82' lang='lat' dir='ltr'><strong>cbm</strong></span> <span class='ocrx_word' id='word_1_46' title='bbox 820 1431 882 1494; x_wconf 89' lang='lat' dir='ltr'><strong>me</strong></span> <span class='ocrx_word' id='word_1_47' title='bbox 894 1405 942 1478; x_wconf 89' lang='lat' dir='ltr'><strong>de</strong></span> <span class='ocrx_word' id='word_1_48' title='bbox 954 1416 1059 1479; x_wconf 82' lang='lat' dir='ltr'><strong>tanto</strong></span> <span class='ocrx_word' id='word_1_49' title='bbox 1071 1431 1228 1503; x_wconf 89' lang='lat' dir='ltr'><strong>corpore</strong></span> <span class='ocrx_word' id='word_1_50' title='bbox 1240 1433 1398 1504; x_wconf 80' lang='lat' dir='ltr'><strong>parvam</strong></span> 
     </span>
     <span class='ocr_line' id='line_1_8' title="bbox 421 1529 1422 1629; baseline 0.001 -22"><span class='ocrx_word' id='word_1_51' title='bbox 421 1531 549 1629; x_wconf 85' lang='lat' dir='ltr'><strong>Longa</strong></span> <span class='ocrx_word' id='word_1_52' title='bbox 561 1531 641 1604; x_wconf 89' lang='lat' dir='ltr'><strong>dies</strong></span> <span class='ocrx_word' id='word_1_53' title='bbox 657 1529 767 1604; x_wconf 80' lang='lat' dir='ltr'><strong>facist</strong></span> <span class='ocrx_word' id='word_1_54' title='bbox 783 1557 791 1603; x_wconf 91' lang='lat'>:</span> <span class='ocrx_word' id='word_1_55' title='bbox 808 1541 1078 1627; x_wconf 81' lang='lat' dir='ltr'><strong>consumtaque</strong></span> <span class='ocrx_word' id='word_1_56' title='bbox 1091 1535 1261 1607; x_wconf 80' lang='lat' dir='ltr'><strong>membre</strong></span> <span class='ocrx_word' id='word_1_57' title='bbox 1276 1533 1422 1608; x_wconf 76' lang='lat' dir='ltr'><strong>senecti</strong></span> 
     </span>
    </p>
   </div>
   <div class='ocr_carea' id='block_1_6' title="bbox 423 1659 1581 1760">
    <p class='ocr_par' dir='ltr' id='par_1_6' title="bbox 423 1659 1581 1760">
     <span class='ocr_line' id='line_1_9' title="bbox 423 1659 1581 1760; baseline 0.001 -23"><span class='ocrx_word' id='word_1_58' title='bbox 423 1663 482 1737; x_wconf 82' lang='lat' dir='ltr'><strong>Ad</strong></span> <span class='ocrx_word' id='word_1_59' title='bbox 497 1662 704 1736; x_wconf 88' lang='lat' dir='ltr'><strong>minimum</strong></span> <span class='ocrx_word' id='word_1_60' title='bbox 720 1659 937 1757; x_wconf 76' lang='lat' dir='ltr'><strong>rediguntur</strong></span> <span class='ocrx_word' id='word_1_61' title='bbox 949 1685 1047 1734; x_wconf 91' lang='lat' dir='ltr'><strong>onus</strong></span> <span class='ocrx_word' id='word_1_62' title='bbox 1065 1687 1157 1734; x_wconf 93' lang='lat' dir='ltr'><strong>:nec</strong></span> <span class='ocrx_word' id='word_1_63' title='bbox 1168 1676 1290 1740; x_wconf 83' lang='lat' dir='ltr'><strong>emota</strong></span> <span class='ocrx_word' id='word_1_64' title='bbox 1303 1663 1479 1760; x_wconf 82' lang='lat' dir='ltr'><strong>videbor,</strong></span> <span class='ocrx_word' id='word_1_65' title='bbox 1580 1687 1581 1692; x_wconf 72' lang='grc'>’</span> 
     </span>
    </p>
   </div>
   <div class='ocr_carea' id='block_1_7' title="bbox 422 1789 1408 2015">
    <p class='ocr_par' dir='ltr' id='par_1_7' title="bbox 422 1789 1408 2015">
     <span class='ocr_line' id='line_1_10' title="bbox 422 1789 1408 1891; baseline 0 -23"><span class='ocrx_word' id='word_1_66' title='bbox 422 1793 499 1868; x_wconf 88' lang='lat' dir='ltr'><strong>Nec</strong></span> <span class='ocrx_word' id='word_1_67' title='bbox 510 1789 690 1888; x_wconf 75' lang='lat' dir='ltr'><strong>plocuispe</strong></span> <span class='ocrx_word' id='word_1_68' title='bbox 703 1791 796 1864; x_wconf 91' lang='lat' dir='ltr'><strong>Deo.</strong></span> <span class='ocrx_word' id='word_1_69' title='bbox 812 1789 978 1864; x_wconf 88' lang='lat' dir='ltr'><strong>Phoebus</strong></span> <span class='ocrx_word' id='word_1_70' title='bbox 991 1815 1144 1888; x_wconf 90' lang='lat' dir='ltr'><strong>quoque</strong></span> <span class='ocrx_word' id='word_1_71' title='bbox 1156 1791 1314 1868; x_wconf 75' lang='lat' dir='ltr'><strong>forsitan</strong></span> <span class='ocrx_word' id='word_1_72' title='bbox 1328 1795 1408 1891; x_wconf 87' lang='lat' dir='ltr'><strong>ipse</strong></span> 
     </span>
     <span class='ocr_line' id='line_1_11' title="bbox 422 1912 1217 2015; baseline 0.003 -25"><span class='ocrx_word' id='word_1_73' title='bbox 422 1912 493 1990; x_wconf 86' lang='lat' dir='ltr'><strong>Vel</strong></span> <span class='ocrx_word' id='word_1_74' title='bbox 507 1941 586 1988; x_wconf 87' lang='lat' dir='ltr'><strong>non</strong></span> <span class='ocrx_word' id='word_1_75' title='bbox 598 1927 787 2013; x_wconf 82' lang='lat' dir='ltr'><strong>agnoscet,</strong></span> <span class='ocrx_word' id='word_1_76' title='bbox 800 1915 862 1989; x_wconf 85' lang='lat' dir='ltr'><strong>vel</strong></span> <span class='ocrx_word' id='word_1_77' title='bbox 872 1915 1046 1990; x_wconf 86' lang='lat' dir='ltr'><strong>dilexisse</strong></span> <span class='ocrx_word' id='word_1_78' title='bbox 1059 1919 1217 2015; x_wconf 77' lang='lat' dir='ltr'><strong>negabit.</strong></span> 
     </span>
    </p>
   </div>
   <div class='ocr_carea' id='block_1_8' title="bbox 421 2045 1419 2283">
    <p class='ocr_par' dir='ltr' id='par_1_8' title="bbox 421 2045 1419 2283">
     <span class='ocr_line' id='line_1_12' title="bbox 423 2045 1338 2148; baseline 0.005 -29"><span class='ocrx_word' id='word_1_79' title='bbox 423 2046 553 2144; x_wconf 90' lang='lat' dir='ltr'><strong>Usque</strong></span> <span class='ocrx_word' id='word_1_80' title='bbox 568 2045 660 2121; x_wconf 79' lang='lat' dir='ltr'><strong>adeo</strong></span> <span class='ocrx_word' id='word_1_81' title='bbox 672 2058 818 2124; x_wconf 79' lang='lat' dir='ltr'><strong>mutata</strong></span> <span class='ocrx_word' id='word_1_82' title='bbox 829 2045 927 2122; x_wconf 83' lang='lat' dir='ltr'><strong>ferar</strong></span> <span class='ocrx_word' id='word_1_83' title='bbox 941 2049 950 2120; x_wconf 88' lang='lat' dir='ltr'><strong>l</strong></span> <span class='ocrx_word' id='word_1_84' title='bbox 967 2047 1140 2147; x_wconf 87' lang='lat' dir='ltr'><strong>nullique</strong></span> <span class='ocrx_word' id='word_1_85' title='bbox 1153 2049 1338 2148; x_wconf 83' lang='lat' dir='ltr'><strong>videnda,</strong></span> 
     </span>
     <span class='ocr_line' id='line_1_13' title="bbox 421 2179 1419 2283; baseline 0.003 -26"><span class='ocrx_word' id='word_1_86' title='bbox 421 2179 458 2258; x_wconf 70' lang='lat' dir='ltr'><strong>‚V</strong></span> <span class='ocrx_word' id='word_1_87' title='bbox 457 2206 522 2254; x_wconf 91' lang='lat' dir='ltr'><strong>oce</strong></span> <span class='ocrx_word' id='word_1_88' title='bbox 534 2192 659 2254; x_wconf 77' lang='lat' dir='ltr'><strong>tamen</strong></span> <span class='ocrx_word' id='word_1_89' title='bbox 672 2205 803 2255; x_wconf 82' lang='lat' dir='ltr'><strong>noscar</strong></span> <span class='ocrx_word' id='word_1_90' title='bbox 819 2210 828 2254; x_wconf 91' lang='lat'><strong>:</strong></span> <span class='ocrx_word' id='word_1_91' title='bbox 847 2207 978 2256; x_wconf 86' lang='lat' dir='ltr'><strong>vocem</strong></span> <span class='ocrx_word' id='word_1_92' title='bbox 991 2182 1091 2256; x_wconf 91' lang='lat' dir='ltr'><strong>mihi</strong></span> <span class='ocrx_word' id='word_1_93' title='bbox 1103 2182 1177 2258; x_wconf 83' lang='lat' dir='ltr'><strong>fata</strong></span> <span class='ocrx_word' id='word_1_94' title='bbox 1191 2186 1419 2283; x_wconf 87' lang='lat' dir='ltr'><strong>relinquent.</strong></span> 
     </span>
    </p>
   </div>
   <div class='ocr_carea' id='block_1_9' title="bbox 481 2374 1390 2455">
    <p class='ocr_par' dir='ltr' id='par_1_9' title="bbox 481 2374 1390 2455">
     <span class='ocr_line' id='line_1_14' title="bbox 481 2374 1390 2455; baseline 0.002 -5"><span class='ocrx_word' id='word_1_95' title='bbox 481 2374 554 2450; x_wconf 83' lang='lat' dir='ltr'><strong>lv.</strong></span> <span class='ocrx_word' id='word_1_96' title='bbox 581 2378 756 2448; x_wconf 74' lang='lat' dir='ltr'><strong>lactatus</strong></span> <span class='ocrx_word' id='word_1_97' title='bbox 771 2379 887 2450; x_wconf 79' lang='lat' dir='ltr'><strong>variis</strong></span> <span class='ocrx_word' id='word_1_98' title='bbox 901 2381 1092 2452; x_wconf 79' lang='lat' dir='ltr'><strong>eventibus</strong></span> <span class='ocrx_word' id='word_1_99' title='bbox 1104 2379 1390 2455; x_wconf 75' lang='lat' dir='ltr'><strong>Achemenides.</strong></span> 
     </span>
    </p>
   </div>
   <div class='ocr_carea' id='block_1_10' title="bbox 469 2568 1477 2673">
    <p class='ocr_par' dir='ltr' id='par_1_10' title="bbox 469 2568 1477 2673">
     <span class='ocr_line' id='line_1_15' title="bbox 469 2568 1477 2673; baseline 0.003 -27"><span class='ocrx_word' id='word_1_100' title='bbox 469 2568 639 2666; x_wconf 68' lang='lat' dir='ltr'><strong>Tem,</strong></span> <span class='ocrx_word' id='word_1_101' title='bbox 658 2597 873 2646; x_wconf 86' lang='lat' dir='ltr'><strong>convexum</strong></span> <span class='ocrx_word' id='word_1_102' title='bbox 887 2599 955 2669; x_wconf 90' lang='lat' dir='ltr'><strong>per</strong></span> <span class='ocrx_word' id='word_1_103' title='bbox 967 2573 1058 2672; x_wconf 78' lang='lat' dir='ltr'><strong>iter,</strong></span> <span class='ocrx_word' id='word_1_104' title='bbox 1076 2587 1307 2650; x_wconf 72' lang='lat' dir='ltr'><strong>memorante</strong></span> <span class='ocrx_word' id='word_1_105' title='bbox 1318 2575 1477 2673; x_wconf 68' lang='lat' dir='ltr'><strong>sibylla,</strong></span> 
     </span>
    </p>
   </div>
   <div class='ocr_carea' id='block_1_11' title="bbox 418 2698 1581 3588">
    <p class='ocr_par' dir='ltr' id='par_1_11' title="bbox 418 2698 1581 3588">
     <span class='ocr_line' id='line_1_16' title="bbox 422 2698 1316 2800; baseline 0.007 -28"><span class='ocrx_word' id='word_1_106' title='bbox 422 2698 581 2773; x_wconf 85' lang='lat' dir='ltr'><strong>Sedibus</strong></span> <span class='ocrx_word' id='word_1_107' title='bbox 594 2699 798 2774; x_wconf 79' lang='lat' dir='ltr'><strong>Euboicam</strong></span> <span class='ocrx_word' id='word_1_108' title='bbox 811 2701 945 2798; x_wconf 85' lang='lat' dir='ltr'><strong>Stygiis</strong></span> <span class='ocrx_word' id='word_1_109' title='bbox 958 2705 1112 2800; x_wconf 87' lang='lat' dir='ltr'><strong>emergit</strong></span> <span class='ocrx_word' id='word_1_110' title='bbox 1125 2705 1167 2778; x_wconf 88' lang='lat' dir='ltr'><strong>in</strong></span> <span class='ocrx_word' id='word_1_111' title='bbox 1181 2706 1316 2778; x_wconf 89' lang='lat' dir='ltr'><strong>urbem</strong></span> 
     </span>
     <span class='ocr_line' id='line_1_17' title="bbox 421 2827 1238 2928; baseline 0.007 -28"><span class='ocrx_word' id='word_1_112' title='bbox 421 2827 560 2902; x_wconf 84' lang='lat' dir='ltr'><strong>Tro&#39;ius</strong></span> <span class='ocrx_word' id='word_1_113' title='bbox 572 2827 709 2900; x_wconf 84' lang='lat' dir='ltr'><strong>AEneas</strong></span> <span class='ocrx_word' id='word_1_114' title='bbox 725 2857 733 2902; x_wconf 92' lang='lat'>:</span> <span class='ocrx_word' id='word_1_115' title='bbox 749 2828 936 2926; x_wconf 79' lang='lat' dir='ltr'><strong>sacrisque</strong></span> <span class='ocrx_word' id='word_1_116' title='bbox 951 2855 972 2902; x_wconf 90' lang='lat' dir='ltr'><strong>e</strong></span> <span class='ocrx_word' id='word_1_117' title='bbox 987 2857 1093 2905; x_wconf 88' lang='lat' dir='ltr'><strong>more</strong></span> <span class='ocrx_word' id='word_1_118' title='bbox 1105 2831 1238 2928; x_wconf 78' lang='lat' dir='ltr'><strong>litatis,</strong></span> 
     </span>
     <span class='ocr_line' id='line_1_18' title="bbox 421 2959 1408 3056; baseline 0 -20"><span class='ocrx_word' id='word_1_119' title='bbox 421 2960 549 3036; x_wconf 82' lang='lat' dir='ltr'><strong>Litora</strong></span> <span class='ocrx_word' id='word_1_120' title='bbox 560 2959 660 3056; x_wconf 78' lang='lat' dir='ltr'><strong>adit,</strong></span> <span class='ocrx_word' id='word_1_121' title='bbox 674 2959 846 3034; x_wconf 89' lang='lat' dir='ltr'><strong>nondum</strong></span> <span class='ocrx_word' id='word_1_122' title='bbox 862 2961 1022 3036; x_wconf 85' lang='lat' dir='ltr'><strong>nutricis</strong></span> <span class='ocrx_word' id='word_1_123' title='bbox 1035 2962 1210 3036; x_wconf 80' lang='lat' dir='ltr'><strong>habentia</strong></span> <span class='ocrx_word' id='word_1_124' title='bbox 1227 2987 1367 3036; x_wconf 91' lang='lat' dir='ltr'><strong>nomen</strong></span> <span class='ocrx_word' id='word_1_125' title='bbox 1383 2971 1408 3037; x_wconf 91' lang='lat'><strong>¹.</strong></span> 
     </span>
     <span class='ocr_line' id='line_1_19' title="bbox 469 3083 1581 3191; baseline 0.006 -31"><span class='ocrx_word' id='word_1_126' title='bbox 469 3087 942 3188; x_wconf 81' lang='lat' dir='ltr'><strong>Hicquoquesubstiterat,</strong></span> <span class='ocrx_word' id='word_1_127' title='bbox 955 3092 1469 3191; x_wconf 80' lang='lat' dir='ltr'><strong>posttsedialongalsborum,</strong></span> <span class='ocrx_word' id='word_1_128' title='bbox 1580 3083 1581 3100; x_wconf 46' lang='lat'>¹</span> 
     </span>
     <span class='ocr_line' id='line_1_20' title="bbox 419 3189 1581 3324; baseline 0.007 -30"><span class='ocrx_word' id='word_1_129' title='bbox 419 3219 587 3294; x_wconf 86' lang='lat' dir='ltr'><strong>Neritius</strong></span> <span class='ocrx_word' id='word_1_130' title='bbox 600 3221 789 3296; x_wconf 80' lang='lat' dir='ltr'><strong>Macareus</strong></span> <span class='ocrx_word' id='word_1_131' title='bbox 797 3249 946 3319; x_wconf 88' lang='lat' dir='ltr'><strong>,comes</strong></span> <span class='ocrx_word' id='word_1_132' title='bbox 959 3225 1187 3322; x_wconf 84' lang='lat' dir='ltr'><strong>experientis</strong></span> <span class='ocrx_word' id='word_1_133' title='bbox 1202 3225 1395 3324; x_wconf 79' lang='lat' dir='ltr'><strong>Ulyssei¹z</strong></span> <span class='ocrx_word' id='word_1_134' title='bbox 1580 3189 1581 3214; x_wconf 30' lang='lat' dir='ltr'><strong>i</strong></span> 
     </span>
     <span class='ocr_line' id='line_1_21' title="bbox 418 3353 1361 3458; baseline 0.005 -31"><span class='ocrx_word' id='word_1_135' title='bbox 418 3353 617 3427; x_wconf 87' lang='lat' dir='ltr'><strong>Desertum</strong></span> <span class='ocrx_word' id='word_1_136' title='bbox 630 3355 822 3452; x_wconf 80' lang='lat' dir='ltr'><strong>quondam</strong></span> <span class='ocrx_word' id='word_1_137' title='bbox 835 3357 969 3431; x_wconf 85' lang='lat' dir='ltr'><strong>mediis</strong></span> <span class='ocrx_word' id='word_1_138' title='bbox 982 3359 1050 3456; x_wconf 90' lang='lat' dir='ltr'><strong>qui</strong></span> <span class='ocrx_word' id='word_1_139' title='bbox 1063 3359 1223 3458; x_wconf 84' lang='lat' dir='ltr'><strong>rupibus</strong></span> <span class='ocrx_word' id='word_1_140' title='bbox 1236 3357 1361 3432; x_wconf 81' lang='lat' dir='ltr'><strong>AEtnae</strong></span> 
     </span>
     <span class='ocr_line' id='line_1_22' title="bbox 418 3479 1379 3588; baseline 0.009 -32"><span class='ocrx_word' id='word_1_141' title='bbox 418 3479 545 3556; x_wconf 88' lang='lat' dir='ltr'><strong>Nescit</strong></span> <span class='ocrx_word' id='word_1_142' title='bbox 557 3481 849 3559; x_wconf 84' lang='lat' dir='ltr'><strong>Achaemeniden</strong></span> <span class='ocrx_word' id='word_1_143' title='bbox 866 3515 874 3562; x_wconf 94' lang='lat'><strong>:</strong></span> <span class='ocrx_word' id='word_1_144' title='bbox 892 3487 1175 3587; x_wconf 82' lang='lat' dir='ltr'><strong>improvisbque</strong></span> <span class='ocrx_word' id='word_1_145' title='bbox 1186 3502 1379 3588; x_wconf 86' lang='lat' dir='ltr'><strong>repertum</strong></span> 
     </span>
    </p>
   </div>
   <div class='ocr_carea' id='block_1_12' title="bbox 420 3634 1474 3920">
    <p class='ocr_par' dir='ltr' id='par_1_12' title="bbox 420 3634 1474 3920">
     <span class='ocr_line' id='line_1_23' title="bbox 463 3634 1448 3717; baseline 0.012 -28"><span class='ocrx_word' id='word_1_146' title='bbox 463 3637 474 3668; x_wconf 84' lang='lat'>¹</span> <span class='ocrx_word' id='word_1_147' title='bbox 497 3635 538 3690; x_wconf 76' lang='lat' dir='ltr'><strong>Ie</strong></span> <span class='ocrx_word' id='word_1_148' title='bbox 551 3634 638 3709; x_wconf 71' lang='lat' dir='ltr'><strong>poete</strong></span> <span class='ocrx_word' id='word_1_149' title='bbox 652 3635 770 3714; x_wconf 72' lang='lat' dir='ltr'><strong>designo</strong></span> <span class='ocrx_word' id='word_1_150' title='bbox 780 3639 898 3711; x_wconf 72' lang='lat' dir='ltr'><strong>Cattte,</strong></span> <span class='ocrx_word' id='word_1_151' title='bbox 914 3640 967 3717; x_wconf 85' lang='lat' dir='ltr'><strong>qni</strong></span> <span class='ocrx_word' id='word_1_152' title='bbox 984 3641 1085 3700; x_wconf 77' lang='lat' dir='ltr'><strong>donus</strong></span> <span class='ocrx_word' id='word_1_153' title='bbox 1096 3661 1151 3701; x_wconf 87' lang='lat' dir='ltr'><strong>son</strong></span> <span class='ocrx_word' id='word_1_154' title='bbox 1167 3661 1237 3701; x_wconf 85' lang='lat' dir='ltr'><strong>nom</strong></span> <span class='ocrx_word' id='word_1_155' title='bbox 1252 3661 1292 3701; x_wconf 80' lang='lat' dir='ltr'><strong>eu</strong></span> <span class='ocrx_word' id='word_1_156' title='bbox 1304 3661 1448 3717; x_wconf 85' lang='lat' dir='ltr'><strong>promon-</strong></span> 
     </span>
     <span class='ocr_line' id='line_1_24' title="bbox 420 3730 837 3798; baseline 0.024 -12"><span class='ocrx_word' id='word_1_157' title='bbox 420 3730 495 3788; x_wconf 81' lang='lat' dir='ltr'><strong>toire</strong></span> <span class='ocrx_word' id='word_1_158' title='bbox 509 3733 549 3788; x_wconf 82' lang='lat' dir='ltr'><strong>ob</strong></span> <span class='ocrx_word' id='word_1_159' title='bbox 563 3734 616 3798; x_wconf 82' lang='lat' dir='ltr'><strong>elle</strong></span> <span class='ocrx_word' id='word_1_160' title='bbox 627 3735 673 3791; x_wconf 83' lang='lat' dir='ltr'><strong>fut</strong></span> <span class='ocrx_word' id='word_1_161' title='bbox 683 3735 837 3797; x_wconf 61' lang='lat' dir='ltr'><strong>inbuunle.v</strong></span> 
     </span>
     <span class='ocr_line' id='line_1_25' title="bbox 462 3828 1474 3920; baseline 0.018 -38"><span class='ocrx_word' id='word_1_162' title='bbox 462 3831 476 3861; x_wconf 80' lang='lat'><strong>¹</strong></span> <span class='ocrx_word' id='word_1_163' title='bbox 499 3828 628 3885; x_wconf 65' lang='lat' dir='ltr'><strong>Pulchra</strong></span> <span class='ocrx_word' id='word_1_164' title='bbox 639 3832 806 3906; x_wconf 77' lang='lat' dir='ltr'><strong>phantasid</strong></span> <span class='ocrx_word' id='word_1_165' title='bbox 821 3837 866 3892; x_wconf 81' lang='lat' dir='ltr'><strong>ad</strong></span> <span class='ocrx_word' id='word_1_166' title='bbox 883 3839 1101 3896; x_wconf 80' lang='lat' dir='ltr'><strong>describendam</strong></span> <span class='ocrx_word' id='word_1_167' title='bbox 1118 3841 1259 3898; x_wconf 79' lang='lat' dir='ltr'><strong>sociorum</strong></span> <span class='ocrx_word' id='word_1_168' title='bbox 1285 3844 1393 3920; x_wconf 81' lang='lat' dir='ltr'><strong>Ulyssis</strong></span> <span class='ocrx_word' id='word_1_169' title='bbox 1414 3843 1447 3898; x_wconf 83' lang='grc' dir='ltr'><strong>ὑι</strong></span> <span class='ocrx_word' id='word_1_170' title='bbox 1472 3857 1474 3862; x_wconf 82' lang='grc'><em>’</em></span> 
     </span>
    </p>
   </div>
   <div class='ocr_carea' id='block_1_13' title="bbox 419 3925 1453 4122">
    <p class='ocr_par' dir='ltr' id='par_1_13' title="bbox 419 3925 1453 4122">
     <span class='ocr_line' id='line_1_26' title="bbox 420 3925 1453 4018; baseline 0.017 -38"><span class='ocrx_word' id='word_1_171' title='bbox 420 3925 616 3998; x_wconf 75' lang='lat' dir='ltr'><strong>variasseras</strong></span> <span class='ocrx_word' id='word_1_172' title='bbox 638 3933 882 4008; x_wconf 71' lang='lat' dir='ltr'><strong>metamorphosin</strong></span> <span class='ocrx_word' id='word_1_173' title='bbox 897 3938 1046 3998; x_wconf 73' lang='lat' dir='ltr'><strong>descendit</strong></span> <span class='ocrx_word' id='word_1_174' title='bbox 1051 3944 1165 4018; x_wconf 57' lang='lat' dir='ltr'><strong>poeta,</strong></span> <span class='ocrx_word' id='word_1_175' title='bbox 1183 3959 1221 3998; x_wconf 85' lang='lat' dir='ltr'><strong>ac</strong></span> <span class='ocrx_word' id='word_1_176' title='bbox 1237 3941 1402 4000; x_wconf 80' lang='lat' dir='ltr'><strong>eorumdem</strong></span> <span class='ocrx_word' id='word_1_177' title='bbox 1417 3942 1453 3998; x_wconf 68' lang='lat' dir='ltr'><strong>ia</strong></span> 
     </span>
     <span class='ocr_line' id='line_1_27' title="bbox 419 4021 994 4122; baseline 0.023 -43"><span class='ocrx_word' id='word_1_178' title='bbox 419 4021 717 4104; x_wconf 71' lang='lat' dir='ltr'><strong>humammft&#39;guram</strong></span> <span class='ocrx_word' id='word_1_179' title='bbox 728 4031 940 4092; x_wconf 46' lang='lat' dir='ltr'><strong>restitutorem„</strong></span> <span class='ocrx_word' id='word_1_180' title='bbox 991 4116 994 4122; x_wconf 18' lang='grc' dir='ltr'>ἱ</span> 
     </span>
    </p>
   </div>
   <div class='ocr_carea' id='block_1_14' title="bbox 0 0 1594 5350">
    <p class='ocr_par' dir='ltr' id='par_1_14' title="bbox 0 0 1594 5350">
     <span class='ocr_line' id='line_1_28' title="bbox 0 0 1594 5350; baseline 0 1"><span class='ocrx_word' id='word_1_181' title='bbox 0 0 1594 5350; x_wconf 95' lang='lat' dir='ltr'><strong> </strong></span> 
     </span>
    </p>
   </div>
  </div>
 </body>
</html>
