3170 5366
427 637 499 716 250
541 655 626 713 nos
655 628 1099 710 uirsuonruoses
1129 649 1361 728 o’ovrnn,

424 802 635 878 Admonitu
650 823 882 898 quamquam
894 793 1021 870 luctus
1037 807 1273 870 renovantur
1285 821 1437 894 asuero,

424 932 615 1032 Perpetiur
624 955 833 1004 memorare
842 935 981 1002 umen.
994 927 1083 1002 Post
1090 926 1208 1025 quim
1217 927 1291 1001 ulta
1301 939 1466 1004 cremata
1477 941 1529 1002 est

423 1045 542 1158 Ilion,
558 1072 596 1135 et
607 1061 753 1134 Danaus
765 1069 956 1157 paverunt
969 1057 1148 1156 Pergamo
1163 1057 1355 1156 flammas3

424 1193 683 1292 Naryciusque
702 1197 709 1226 ¹
726 1189 860 1283 heros,
879 1187 1085 1286 uirgine,
1102 1189 1251 1287 virgine
1265 1189 1392 1288 rapti,

424 1323 549 1413 Quum
564 1321 706 1400 meruit
718 1321 820 1397 solus
836 1345 1008 1420 poenum,
1025 1319 1176 1418 digessit
1192 1322 1234 1397 in
1252 1348 1406 1419 omnes,

423 1453 640 1552 Spargimur
656 1483 665 1528 ε
681 1463 718 1551 et
729 1451 855 1528 ventis
867 1451 1025 1526 iuimict
1036 1477 1105 1549 per
1119 1477 1272 1548 aequora
1285 1452 1408 1550 rupti,

423 1588 451 1662 F
453 1587 615 1686 rumino,
630 1599 797 1684 noctem,
813 1586 973 1683 imbres,
989 1584 1088 1660 iram
1100 1585 1263 1684 ooelique
1278 1586 1476 1684 murisque

288 1780 290 1788 s
422 1719 662 1818 Perpetinrur
674 1719 814 1816 Danai,
834 1717 1111 1816 cumulumque
1124 1725 1155 1810 ⁸,
1171 1715 1382 1815 Caphereo,
1397 1717 1526 1794 cladis.

420 1849 523 1922 Neve
536 1875 662 1924 morer
673 1848 838 1924 referens
853 1849 978 1923 tristes
993 1873 1043 1923 ex
1052 1848 1190 1924 ouline
1206 1874 1329 1946 cosus5

421 1975 564 2054 Graecio
578 1993 664 2053 tum
681 1981 807 2080 potuit
818 1978 969 2054 Priamo
988 2005 1141 2078 quoque
1154 1977 1280 2054 flenda
1296 1979 1439 2055 videri.

421 2106 483 2182 Me
499 2120 625 2185 tamen
638 2107 824 2196 armiferae
838 2121 1031 2186 servatum
1048 2136 1139 2184 curo
1153 2111 1338 2185 Minervae

421 2237 613 2314 Fluctibus
630 2241 772 2340 eripuit
792 2271 800 2316 :
818 2241 950 2340 patriis
967 2241 1030 2316 sed
1045 2267 1178 2316 rursus
1191 2243 1238 2315 ab
1253 2241 1362 2338 Argis

421 2367 545 2443 Pellor
560 2397 567 2442 :
584 2351 621 2444 et
632 2371 792 2469 antiquo
804 2397 990 2448 memores
1003 2371 1051 2447 de
1066 2373 1228 2448 vulnere
1240 2398 1373 2472 poenas
1395 2388 1401 2400 '

420 2501 546 2600 Exigit
557 2503 655 2578 alma
670 2505 799 2578 Venus
817 2533 826 2578 :
842 2515 1041 2603 tantosque
1055 2532 1123 2604 per
1139 2507 1212 2580 alto
1228 2506 1374 2582 labores

421 2633 590 2731 AEquorn
605 2633 787 2733 sustinui,
802 2647 925 2710 tantos
940 2635 1182 2712 terrestribus
1194 2635 1329 2735 armis,

422 2759 475 2836 Ut
490 2761 590 2838 mihi
602 2763 728 2840 felices
740 2765 818 2840 sint
835 2765 892 2840 illi
906 2792 1003 2866 saepe
1017 2767 1159 2864 voouti,

423 2893 527 2982 Quos
540 2897 757 2972 communis
771 2895 916 2996 hiems,
935 2897 1242 2997 importunisque
1256 2895 1472 2996 Caphereus

421 3025 553 3102 Mersit
564 3031 673 3126 aquis
689 3057 697 3104 :
714 3027 928 3130 vellemque
940 3028 1082 3105 horum
1095 3056 1181 3130 pars
1195 3055 1274 3104 uns
1286 3027 1457 3106 fuissem.

464 3277 474 3308 ¹
495 3271 782 3349 sju,·fi1u1·0nse‚
794 3283 833 3338 nt
845 3279 862 3338 ὲ
874 3277 997 3352 uarice,
1007 3277 1303 3348 suetotonius,
1316 3277 1461 3356 eonpabte

424 3366 539 3430 d'svoir
551 3372 630 3434 viole
642 3374 826 3449 Comndre,
842 3379 988 3455 prtum
1005 3379 1044 3438 de
1060 3377 1212 3448 Nineue,
1224 3376 1299 3436 dnm
1314 3377 1342 3434 le
1353 3377 1464 3454 tempto

424 3470 659 3534 decendente
674 3478 715 3535 ou
728 3479 783 3537 elle
796 3480 889 3538 s'etrit
902 3479 1042 3557 refugite.
1358 3531 1362 3547 .

467 3589 481 3618 ¹
502 3587 628 3664 Nauplio
637 3627 647 3658 ,
657 3589 705 3648 roi
715 3589 751 3656 de
761 3593 819 3650 l'tle
831 3592 960 3650 d'Eubee
970 3633 979 3661 ‚
990 3592 1072 3651 irrite
1084 3592 1121 3654 de
1131 3611 1164 3651 oe
1174 3611 1252 3670 que,
1264 3592 1396 3668 tromper
1406 3609 1463 3667 pur

424 3684 466 3744 les
475 3685 601 3746 artifices
614 3687 768 3767 n’utyoe,
778 3693 821 3751 les
830 3691 909 3751 ehefr
921 3691 958 3751 de
969 3693 1087 3751 l'ormte
1098 3691 1217 3750 avaient
1228 3691 1395 3750 conduma&
1407 3687 1424 3745 ὲ
1434 3688 1462 3744 la

425 3798 505 3843 mort
516 3806 570 3848 son
582 3787 628 3848 fils
637 3791 809 3861 Palamede,
820 3791 930 3850 allum
940 3790 992 3850 des
1002 3791 1114 3850 tantur
1127 3808 1181 3850 sur
1189 3790 1218 3848 le
1230 3809 1284 3848 roe
1293 3787 1331 3846 de
1343 3786 1464 3862 Copho-

203 3922 220 3982 ⁸,
338 3895 340 3898 ’
426 3889 494 3956 rte,
513 3905 593 3964 pour
610 3891 746 3966 ysttirer
761 3892 790 3950 lu
805 3867 888 3951 {ioue
903 3891 954 3950 dos
975 3893 1065 3950 Grecs
1078 3892 1095 3950 t
1108 3891 1173 3949 leur
1189 3899 1293 3950 retonr
1309 3886 1346 3945 de
1362 3885 1463 3944 Trois.

426 3984 476 4040 Uo
492 3985 588 4058 grand
602 3987 726 4047 nombre
742 3989 780 4047 de
798 3989 878 4049 leurs
897 3990 1050 4048 vnisseuux
1069 3989 1170 4048 battus
1188 4005 1244 4066 prr
1260 4003 1321 4045 une
1338 3983 1464 4060 tempto

426 4078 578 4153 horrible‚
593 4084 643 4162 s’y·
652 4084 731 4145 briss
744 4097 847 4148 eostre
860 4087 901 4148 les
913 4087 1029 4148 nuens.
