<?xml version="1.0" encoding="UTF-8"?>
<!DOCTYPE html PUBLIC "-//W3C//DTD XHTML 1.0 Transitional//EN"
    "http://www.w3.org/TR/xhtml1/DTD/xhtml1-transitional.dtd">
<html xmlns="http://www.w3.org/1999/xhtml" xml:lang="en" lang="en">
 <head>
  <title>
</title>
<meta http-equiv="Content-Type" content="text/html;charset=utf-8" />
  <meta name='ocr-system' content='tesseract 3.04.00' />
  <meta name='ocr-capabilities' content='ocr_page ocr_carea ocr_par ocr_line ocrx_word'/>
</head>
<body>
  <div class='ocr_page' id='page_1' title='image "./lesmtamorphoses03saingoog_0018.png"; bbox 0 0 3248 5338; ppageno 0'>
   <div class='ocr_carea' id='block_1_1' title="bbox 419 571 1355 668">
    <p class='ocr_par' dir='ltr' id='par_1_1' title="bbox 419 571 1355 668">
     <span class='ocr_line' id='line_1_1' title="bbox 419 571 1355 668; baseline -0.022 -4"><span class='ocrx_word' id='word_1_1' title='bbox 419 592 447 666; x_wconf 72' lang='lat' dir='ltr'><strong>o</strong></span> <span class='ocrx_word' id='word_1_2' title='bbox 483 579 488 591; x_wconf 82' lang='grc'><strong><em>’</em></strong></span> <span class='ocrx_word' id='word_1_3' title='bbox 537 585 624 660; x_wconf 80' lang='lat' dir='ltr'><strong>nn&#39;s</strong></span> <span class='ocrx_word' id='word_1_4' title='bbox 654 573 1096 658; x_wconf 77' lang='lat' dir='ltr'><strong>utrsnonrnosns</strong></span> <span class='ocrx_word' id='word_1_5' title='bbox 1125 571 1355 668; x_wconf 75' lang='lat' dir='ltr'><strong>norror,</strong></span> 
     </span>
    </p>
   </div>
   <div class='ocr_carea' id='block_1_2' title="bbox 410 738 1501 2676">
    <p class='ocr_par' dir='ltr' id='par_1_2' title="bbox 418 738 1217 978">
     <span class='ocr_line' id='line_1_2' title="bbox 418 738 1197 839; baseline -0.013 -15"><span class='ocrx_word' id='word_1_6' title='bbox 418 747 530 824; x_wconf 84' lang='lat' dir='ltr'><strong>Invia</strong></span> <span class='ocrx_word' id='word_1_7' title='bbox 540 746 714 822; x_wconf 85' lang='lat' dir='ltr'><strong>fecissent</strong></span> <span class='ocrx_word' id='word_1_8' title='bbox 726 741 854 839; x_wconf 81' lang='lat' dir='ltr'><strong>venti,</strong></span> <span class='ocrx_word' id='word_1_9' title='bbox 869 739 1074 838; x_wconf 81' lang='lat' dir='ltr'>Boeotaque</span> <span class='ocrx_word' id='word_1_10' title='bbox 1085 738 1197 814; x_wconf 77' lang='lat' dir='ltr'><strong>tellus</strong></span> 
     </span>
     <span class='ocr_line' id='line_1_3' title="bbox 418 871 1217 978; baseline -0.011 -24"><span class='ocrx_word' id='word_1_11' title='bbox 418 877 558 954; x_wconf 82' lang='lat' dir='ltr'><strong>Aulide</strong></span> <span class='ocrx_word' id='word_1_12' title='bbox 570 875 716 978; x_wconf 69' lang='lat' dir='ltr'><strong>piscosa</strong></span> <span class='ocrx_word' id='word_1_13' title='bbox 726 899 872 974; x_wconf 88' lang='lat' dir='ltr'><strong>puppes</strong></span> <span class='ocrx_word' id='word_1_14' title='bbox 890 873 1073 946; x_wconf 88' lang='lat' dir='ltr'><strong>tenuisset</strong></span> <span class='ocrx_word' id='word_1_15' title='bbox 1086 871 1217 946; x_wconf 86' lang='lat' dir='ltr'><strong>ituros.</strong></span> 
     </span>
    </p>

    <p class='ocr_par' dir='ltr' id='par_1_3' title="bbox 410 1001 1501 2676">
     <span class='ocr_line' id='line_1_4' title="bbox 468 1001 1450 1105; baseline -0.015 -25"><span class='ocrx_word' id='word_1_16' title='bbox 468 1005 561 1105; x_wconf 82' lang='lat' dir='ltr'><strong>Hic,</strong></span> <span class='ocrx_word' id='word_1_17' title='bbox 577 1007 700 1104; x_wconf 84' lang='lat' dir='ltr'><strong>patrio</strong></span> <span class='ocrx_word' id='word_1_18' title='bbox 714 1003 762 1080; x_wconf 90' lang='lat' dir='ltr'><strong>de</strong></span> <span class='ocrx_word' id='word_1_19' title='bbox 776 1027 902 1100; x_wconf 88' lang='lat' dir='ltr'><strong>more,</strong></span> <span class='ocrx_word' id='word_1_20' title='bbox 920 1002 1009 1076; x_wconf 86' lang='lat' dir='ltr'><strong>Jovi</strong></span> <span class='ocrx_word' id='word_1_21' title='bbox 1022 1001 1111 1074; x_wconf 80' lang='lat' dir='ltr'><strong>cum</strong></span> <span class='ocrx_word' id='word_1_22' title='bbox 1126 1023 1229 1074; x_wconf 86' lang='lat' dir='ltr'><strong>sacra</strong></span> <span class='ocrx_word' id='word_1_23' title='bbox 1240 1004 1450 1100; x_wconf 79' lang='lat' dir='ltr'><strong>parassent3</strong></span> 
     </span>
     <span class='ocr_line' id='line_1_5' title="bbox 418 1133 1241 1234; baseline -0.005 -23"><span class='ocrx_word' id='word_1_24' title='bbox 418 1135 472 1211; x_wconf 83' lang='lat' dir='ltr'><strong>Ut</strong></span> <span class='ocrx_word' id='word_1_25' title='bbox 483 1151 594 1214; x_wconf 81' lang='lat' dir='ltr'><strong>vetus</strong></span> <span class='ocrx_word' id='word_1_26' title='bbox 607 1137 769 1214; x_wconf 84' lang='lat' dir='ltr'><strong>accensis</strong></span> <span class='ocrx_word' id='word_1_27' title='bbox 782 1133 983 1210; x_wconf 78' lang='lat' dir='ltr'><strong>incanduit</strong></span> <span class='ocrx_word' id='word_1_28' title='bbox 994 1134 1146 1234; x_wconf 81' lang='lat' dir='ltr'><strong>ignibus</strong></span> <span class='ocrx_word' id='word_1_29' title='bbox 1160 1157 1241 1230; x_wconf 88' lang='lat' dir='ltr'><strong>ara,</strong></span> 
     </span>
     <span class='ocr_line' id='line_1_6' title="bbox 417 1265 1324 1368; baseline -0.007 -23"><span class='ocrx_word' id='word_1_30' title='bbox 417 1269 575 1368; x_wconf 84' lang='lat' dir='ltr'><strong>Serpcre</strong></span> <span class='ocrx_word' id='word_1_31' title='bbox 590 1267 797 1346; x_wconf 61' lang='lat' dir='ltr'><strong>arideum</strong></span> <span class='ocrx_word' id='word_1_32' title='bbox 809 1269 933 1343; x_wconf 75' lang='lat' dir='ltr'><strong>Danai</strong></span> <span class='ocrx_word' id='word_1_33' title='bbox 948 1267 1079 1343; x_wconf 69' lang='lat' dir='ltr'><strong>videre</strong></span> <span class='ocrx_word' id='word_1_34' title='bbox 1093 1265 1297 1342; x_wconf 77' lang='lat' dir='ltr'><strong>draconem</strong></span> <span class='ocrx_word' id='word_1_35' title='bbox 1312 1271 1324 1304; x_wconf 84' lang='lat'>⁸</span> 
     </span>
     <span class='ocr_line' id='line_1_7' title="bbox 418 1394 1406 1502; baseline -0.01 -24"><span class='ocrx_word' id='word_1_36' title='bbox 418 1404 466 1478; x_wconf 91' lang='lat' dir='ltr'><strong>ln</strong></span> <span class='ocrx_word' id='word_1_37' title='bbox 480 1403 693 1502; x_wconf 87' lang='lat' dir='ltr'><strong>platanum,</strong></span> <span class='ocrx_word' id='word_1_38' title='bbox 710 1401 843 1502; x_wconf 84' lang='lat' dir='ltr'><strong>coeptis</strong></span> <span class='ocrx_word' id='word_1_39' title='bbox 860 1425 946 1498; x_wconf 83' lang='lat' dir='ltr'><strong>quae</strong></span> <span class='ocrx_word' id='word_1_40' title='bbox 960 1400 1079 1474; x_wconf 85' lang='lat' dir='ltr'><strong>stabat</strong></span> <span class='ocrx_word' id='word_1_41' title='bbox 1091 1397 1267 1498; x_wconf 85' lang='lat' dir='ltr'><strong>proxima</strong></span> <span class='ocrx_word' id='word_1_42' title='bbox 1282 1394 1406 1468; x_wconf 86' lang='lat' dir='ltr'><strong>sacris.</strong></span> 
     </span>
     <span class='ocr_line' id='line_1_8' title="bbox 416 1521 1427 1626; baseline -0.016 -16"><span class='ocrx_word' id='word_1_43' title='bbox 416 1531 538 1610; x_wconf 88' lang='lat' dir='ltr'><strong>Nidus</strong></span> <span class='ocrx_word' id='word_1_44' title='bbox 551 1543 631 1608; x_wconf 84' lang='lat' dir='ltr'><strong>crat</strong></span> <span class='ocrx_word' id='word_1_45' title='bbox 646 1527 850 1606; x_wconf 78' lang='lat' dir='ltr'><strong>volucrum</strong></span> <span class='ocrx_word' id='word_1_46' title='bbox 863 1528 922 1606; x_wconf 91' lang='lat' dir='ltr'><strong>bis</strong></span> <span class='ocrx_word' id='word_1_47' title='bbox 936 1541 1101 1626; x_wconf 87' lang='lat' dir='ltr'><strong>quatuor</strong></span> <span class='ocrx_word' id='word_1_48' title='bbox 1112 1528 1246 1602; x_wconf 85' lang='lat' dir='ltr'><strong>arbore</strong></span> <span class='ocrx_word' id='word_1_49' title='bbox 1259 1521 1409 1598; x_wconf 71' lang='lat' dir='ltr'><strong>summa</strong></span> <span class='ocrx_word' id='word_1_50' title='bbox 1416 1549 1427 1616; x_wconf 82' lang='lat'>3</span> 
     </span>
     <span class='ocr_line' id='line_1_9' title="bbox 416 1653 1501 1770; baseline -0.008 -36"><span class='ocrx_word' id='word_1_51' title='bbox 416 1658 521 1748; x_wconf 87' lang='lat' dir='ltr'><strong>Quas</strong></span> <span class='ocrx_word' id='word_1_52' title='bbox 530 1660 663 1758; x_wconf 89' lang='lat' dir='ltr'><strong>simul,</strong></span> <span class='ocrx_word' id='word_1_53' title='bbox 679 1673 716 1734; x_wconf 85' lang='lat' dir='ltr'><strong>et</strong></span> <span class='ocrx_word' id='word_1_54' title='bbox 725 1671 885 1736; x_wconf 86' lang='lat' dir='ltr'><strong>matrem</strong></span> <span class='ocrx_word' id='word_1_55' title='bbox 897 1657 1042 1732; x_wconf 90' lang='lat' dir='ltr'><strong>circum</strong></span> <span class='ocrx_word' id='word_1_56' title='bbox 1055 1683 1123 1732; x_wconf 86' lang='lat' dir='ltr'><strong>sua</strong></span> <span class='ocrx_word' id='word_1_57' title='bbox 1134 1655 1275 1732; x_wconf 90' lang='lat' dir='ltr'><strong>damna</strong></span> <span class='ocrx_word' id='word_1_58' title='bbox 1289 1653 1501 1770; x_wconf 79' lang='lat' dir='ltr'><strong>volantem,</strong></span> 
     </span>
     <span class='ocr_line' id='line_1_10' title="bbox 416 1785 1336 1890; baseline -0.008 -25"><span class='ocrx_word' id='word_1_59' title='bbox 416 1790 611 1890; x_wconf 85' lang='lat' dir='ltr'><strong>Corripuit</strong></span> <span class='ocrx_word' id='word_1_60' title='bbox 623 1817 776 1890; x_wconf 86' lang='lat' dir='ltr'><strong>serpens</strong></span> <span class='ocrx_word' id='word_1_61' title='bbox 783 1821 794 1888; x_wconf 83' lang='lat'>3</span> <span class='ocrx_word' id='word_1_62' title='bbox 810 1787 997 1888; x_wconf 72' lang='lat' dir='ltr'><strong>avidique</strong></span> <span class='ocrx_word' id='word_1_63' title='bbox 1010 1786 1224 1864; x_wconf 84' lang='lat' dir='ltr'><strong>recondidit</strong></span> <span class='ocrx_word' id='word_1_64' title='bbox 1235 1785 1336 1860; x_wconf 87' lang='lat' dir='ltr'><strong>alvo.</strong></span> 
     </span>
     <span class='ocr_line' id='line_1_11' title="bbox 416 1917 1317 2019; baseline -0.01 -21"><span class='ocrx_word' id='word_1_65' title='bbox 416 1921 657 2018; x_wconf 77' lang='lat' dir='ltr'><strong>obstupuere</strong></span> <span class='ocrx_word' id='word_1_66' title='bbox 673 1947 804 1996; x_wconf 86' lang='lat' dir='ltr'><strong>omnes</strong></span> <span class='ocrx_word' id='word_1_67' title='bbox 820 1949 829 1995; x_wconf 74' lang='grc' dir='ltr'><strong>ε</strong></span> <span class='ocrx_word' id='word_1_68' title='bbox 844 1932 884 1994; x_wconf 89' lang='lat' dir='ltr'><strong>at</strong></span> <span class='ocrx_word' id='word_1_69' title='bbox 895 1919 980 1996; x_wconf 77' lang='lat' dir='ltr'><strong>veri</strong></span> <span class='ocrx_word' id='word_1_70' title='bbox 995 1917 1180 2019; x_wconf 90' lang='lat' dir='ltr'><strong>providus</strong></span> <span class='ocrx_word' id='word_1_71' title='bbox 1195 1939 1317 2014; x_wconf 88' lang='lat' dir='ltr'><strong>augur</strong></span> 
     </span>
     <span class='ocr_line' id='line_1_12' title="bbox 414 2041 1464 2148; baseline -0.009 -23"><span class='ocrx_word' id='word_1_72' title='bbox 414 2049 678 2148; x_wconf 83' lang='lat' dir='ltr'><strong>Thestorides,</strong></span> <span class='ocrx_word' id='word_1_73' title='bbox 694 2051 922 2148; x_wconf 76' lang='lat' dir='ltr'><strong>vincemus,</strong></span> <span class='ocrx_word' id='word_1_74' title='bbox 941 2049 994 2124; x_wconf 87' lang='lat' dir='ltr'><strong>ait</strong></span> <span class='ocrx_word' id='word_1_75' title='bbox 1014 2045 1212 2146; x_wconf 86' lang='lat' dir='ltr'><strong>:gaudete,</strong></span> <span class='ocrx_word' id='word_1_76' title='bbox 1227 2041 1380 2142; x_wconf 83' lang='lat' dir='ltr'><strong>Pelasgi.</strong></span> <span class='ocrx_word' id='word_1_77' title='bbox 1457 2049 1464 2060; x_wconf 85' lang='grc'><em>“</em></span> 
     </span>
     <span class='ocr_line' id='line_1_13' title="bbox 414 2167 1372 2276; baseline -0.004 -21"><span class='ocrx_word' id='word_1_78' title='bbox 414 2179 529 2276; x_wconf 87' lang='lat' dir='ltr'><strong>Troja</strong></span> <span class='ocrx_word' id='word_1_79' title='bbox 542 2177 667 2276; x_wconf 76' lang='lat' dir='ltr'><strong>radet3</strong></span> <span class='ocrx_word' id='word_1_80' title='bbox 681 2167 749 2254; x_wconf 56' lang='lat' dir='ltr'><strong>&#39;sed</strong></span> <span class='ocrx_word' id='word_1_81' title='bbox 760 2179 836 2252; x_wconf 88' lang='lat' dir='ltr'><strong>erit</strong></span> <span class='ocrx_word' id='word_1_82' title='bbox 849 2175 969 2254; x_wconf 74' lang='lat' dir='ltr'><strong>noitri</strong></span> <span class='ocrx_word' id='word_1_83' title='bbox 980 2205 1087 2254; x_wconf 79' lang='lat' dir='ltr'><strong>mora</strong></span> <span class='ocrx_word' id='word_1_84' title='bbox 1102 2179 1211 2276; x_wconf 90' lang='lat' dir='ltr'><strong>longa</strong></span> <span class='ocrx_word' id='word_1_85' title='bbox 1223 2175 1372 2252; x_wconf 88' lang='lat' dir='ltr'><strong>laboris.</strong></span> 
     </span>
     <span class='ocr_line' id='line_1_14' title="bbox 414 2307 1345 2410; baseline -0.002 -24"><span class='ocrx_word' id='word_1_86' title='bbox 414 2307 541 2409; x_wconf 84' lang='lat' dir='ltr'><strong>Atque</strong></span> <span class='ocrx_word' id='word_1_87' title='bbox 556 2335 697 2386; x_wconf 85' lang='lat' dir='ltr'><strong>novem</strong></span> <span class='ocrx_word' id='word_1_88' title='bbox 708 2311 882 2387; x_wconf 87' lang='lat' dir='ltr'><strong>volucres</strong></span> <span class='ocrx_word' id='word_1_89' title='bbox 899 2311 942 2386; x_wconf 91' lang='lat' dir='ltr'><strong>in</strong></span> <span class='ocrx_word' id='word_1_90' title='bbox 958 2312 1048 2386; x_wconf 86' lang='lat' dir='ltr'><strong>belli</strong></span> <span class='ocrx_word' id='word_1_91' title='bbox 1062 2311 1198 2410; x_wconf 86' lang='lat' dir='ltr'><strong>digerit</strong></span> <span class='ocrx_word' id='word_1_92' title='bbox 1213 2336 1345 2386; x_wconf 83' lang='lat' dir='ltr'><strong>annos.</strong></span> 
     </span>
     <span class='ocr_line' id='line_1_15' title="bbox 410 2442 1398 2543; baseline -0.004 -25"><span class='ocrx_word' id='word_1_93' title='bbox 410 2443 500 2540; x_wconf 81' lang='lat' dir='ltr'><strong>Ille,</strong></span> <span class='ocrx_word' id='word_1_94' title='bbox 517 2453 562 2518; x_wconf 91' lang='lat' dir='ltr'><strong>ut</strong></span> <span class='ocrx_word' id='word_1_95' title='bbox 575 2455 670 2541; x_wconf 84' lang='lat' dir='ltr'><strong>erat,</strong></span> <span class='ocrx_word' id='word_1_96' title='bbox 689 2442 831 2518; x_wconf 86' lang='lat' dir='ltr'><strong>virides</strong></span> <span class='ocrx_word' id='word_1_97' title='bbox 845 2444 1042 2543; x_wconf 85' lang='lat' dir='ltr'><strong>amplexus</strong></span> <span class='ocrx_word' id='word_1_98' title='bbox 1055 2444 1100 2518; x_wconf 90' lang='lat' dir='ltr'><strong>in</strong></span> <span class='ocrx_word' id='word_1_99' title='bbox 1113 2443 1246 2518; x_wconf 84' lang='lat' dir='ltr'><strong>arbore</strong></span> <span class='ocrx_word' id='word_1_100' title='bbox 1258 2466 1398 2540; x_wconf 88' lang='lat' dir='ltr'><strong>ramos,</strong></span> 
     </span>
     <span class='ocr_line' id='line_1_16' title="bbox 410 2571 1393 2676; baseline 0.006 -31"><span class='ocrx_word' id='word_1_101' title='bbox 410 2571 472 2647; x_wconf 62' lang='lat' dir='ltr'><strong>,Fit</strong></span> <span class='ocrx_word' id='word_1_102' title='bbox 488 2573 598 2674; x_wconf 81' lang='lat' dir='ltr'><strong>lapis,</strong></span> <span class='ocrx_word' id='word_1_103' title='bbox 616 2586 652 2648; x_wconf 88' lang='lat' dir='ltr'><strong>et</strong></span> <span class='ocrx_word' id='word_1_104' title='bbox 668 2573 793 2650; x_wconf 71' lang='lat' dir='ltr'><strong>ser‘vat</strong></span> <span class='ocrx_word' id='word_1_105' title='bbox 803 2577 987 2676; x_wconf 83' lang='lat' dir='ltr'><strong>serpentis</strong></span> <span class='ocrx_word' id='word_1_106' title='bbox 1003 2576 1166 2676; x_wconf 83' lang='lat' dir='ltr'><strong>imagine</strong></span> <span class='ocrx_word' id='word_1_107' title='bbox 1179 2601 1327 2652; x_wconf 81' lang='lat' dir='ltr'><strong>saxum.</strong></span> <span class='ocrx_word' id='word_1_108' title='bbox 1386 2627 1393 2644; x_wconf 75' lang='lat'><strong>·</strong></span> 
     </span>
    </p>
   </div>
   <div class='ocr_carea' id='block_1_3' title="bbox 497 2761 1365 2888">
    <p class='ocr_par' dir='ltr' id='par_1_4' title="bbox 497 2761 1365 2888">
     <span class='ocr_line' id='line_1_17' title="bbox 497 2761 1365 2888; baseline -0.001 -27"><span class='ocrx_word' id='word_1_109' title='bbox 497 2785 554 2861; x_wconf 90' lang='lat' dir='ltr'><strong>II.</strong></span> <span class='ocrx_word' id='word_1_110' title='bbox 586 2787 704 2862; x_wconf 81' lang='lat' dir='ltr'><strong>Cerva</strong></span> <span class='ocrx_word' id='word_1_111' title='bbox 720 2761 761 2861; x_wconf 83' lang='lat' dir='ltr'><strong>in</strong></span> <span class='ocrx_word' id='word_1_112' title='bbox 777 2789 899 2860; x_wconf 82' lang='lat' dir='ltr'><strong>locum</strong></span> <span class='ocrx_word' id='word_1_113' title='bbox 912 2787 1121 2886; x_wconf 72' lang='lat' dir='ltr'><strong>Iphigeniae</strong></span> <span class='ocrx_word' id='word_1_114' title='bbox 1133 2789 1365 2888; x_wconf 81' lang='lat' dir='ltr'><strong>supponitur.</strong></span> 
     </span>
    </p>
   </div>
   <div class='ocr_carea' id='block_1_4' title="bbox 410 2977 1451 3210">
    <p class='ocr_par' dir='ltr' id='par_1_5' title="bbox 410 2977 1451 3210">
     <span class='ocr_line' id='line_1_18' title="bbox 460 2977 1429 3082; baseline 0.005 -31"><span class='ocrx_word' id='word_1_115' title='bbox 460 2977 723 3054; x_wconf 66' lang='lat' dir='ltr'><strong>penninas</strong></span> <span class='ocrx_word' id='word_1_116' title='bbox 737 2978 869 3058; x_wconf 88' lang='lat' dir='ltr'><strong>Aoniis</strong></span> <span class='ocrx_word' id='word_1_117' title='bbox 877 2979 1020 3056; x_wconf 83' lang='lat' dir='ltr'><strong>Nereus</strong></span> <span class='ocrx_word' id='word_1_118' title='bbox 1034 2981 1224 3058; x_wconf 86' lang='lat' dir='ltr'><strong>violentus</strong></span> <span class='ocrx_word' id='word_1_119' title='bbox 1237 2984 1280 3058; x_wconf 93' lang='lat' dir='ltr'><strong>in</strong></span> <span class='ocrx_word' id='word_1_120' title='bbox 1297 2981 1429 3082; x_wconf 84' lang='lat' dir='ltr'><strong>undis,</strong></span> 
     </span>
     <span class='ocr_line' id='line_1_19' title="bbox 410 3107 1451 3210; baseline -0.005 -23"><span class='ocrx_word' id='word_1_121' title='bbox 410 3108 588 3206; x_wconf 80' lang='lat' dir='ltr'><strong>Bellaque</strong></span> <span class='ocrx_word' id='word_1_122' title='bbox 598 3133 676 3182; x_wconf 88' lang='lat' dir='ltr'><strong>non</strong></span> <span class='ocrx_word' id='word_1_123' title='bbox 690 3107 867 3184; x_wconf 86' lang='lat' dir='ltr'><strong>transfert</strong></span> <span class='ocrx_word' id='word_1_124' title='bbox 884 3137 892 3184; x_wconf 93' lang='lat'><strong>:</strong></span> <span class='ocrx_word' id='word_1_125' title='bbox 909 3121 946 3184; x_wconf 90' lang='lat' dir='ltr'><strong>et</strong></span> <span class='ocrx_word' id='word_1_126' title='bbox 958 3123 1066 3208; x_wconf 88' lang='lat' dir='ltr'><strong>sunt,</strong></span> <span class='ocrx_word' id='word_1_127' title='bbox 1083 3112 1152 3208; x_wconf 91' lang='lat' dir='ltr'><strong>qui</strong></span> <span class='ocrx_word' id='word_1_128' title='bbox 1164 3137 1316 3210; x_wconf 87' lang='lat' dir='ltr'><strong>parcere</strong></span> <span class='ocrx_word' id='word_1_129' title='bbox 1324 3111 1451 3209; x_wconf 73' lang='lat' dir='ltr'><strong>Trojae.</strong></span> 
     </span>
    </p>
   </div>
   <div class='ocr_carea' id='block_1_5' title="bbox 410 3239 1339 3341">
    <p class='ocr_par' dir='ltr' id='par_1_6' title="bbox 410 3239 1339 3341">
     <span class='ocr_line' id='line_1_20' title="bbox 410 3239 1339 3341; baseline 0.004 -23"><span class='ocrx_word' id='word_1_130' title='bbox 410 3241 633 3340; x_wconf 83' lang='lat' dir='ltr'><strong>Neptunum</strong></span> <span class='ocrx_word' id='word_1_131' title='bbox 648 3239 821 3340; x_wconf 82' lang='lat' dir='ltr'><strong>credant,</strong></span> <span class='ocrx_word' id='word_1_132' title='bbox 836 3241 928 3341; x_wconf 89' lang='lat' dir='ltr'><strong>quia</strong></span> <span class='ocrx_word' id='word_1_133' title='bbox 938 3243 1223 3320; x_wconf 84' lang='lat' dir='ltr'><strong>moenia&#39;fecerit</strong></span> <span class='ocrx_word' id='word_1_134' title='bbox 1237 3245 1339 3322; x_wconf 85' lang='lat' dir='ltr'><strong>urbi.</strong></span> 
     </span>
    </p>
   </div>
   <div class='ocr_carea' id='block_1_6' title="bbox 368 3409 1465 3906">
    <p class='ocr_par' dir='ltr' id='par_1_7' title="bbox 368 3409 1465 3906">
     <span class='ocr_line' id='line_1_21' title="bbox 453 3409 1446 3504; baseline 0.013 -26"><span class='ocrx_word' id='word_1_135' title='bbox 453 3425 463 3457; x_wconf 83' lang='lat'><strong>¹</strong></span> <span class='ocrx_word' id='word_1_136' title='bbox 484 3415 566 3479; x_wconf 74' lang='lat' dir='ltr'><strong>Dani</strong></span> <span class='ocrx_word' id='word_1_137' title='bbox 575 3421 603 3479; x_wconf 78' lang='lat' dir='ltr'><strong>le</strong></span> <span class='ocrx_word' id='word_1_138' title='bbox 615 3421 737 3500; x_wconf 83' lang='lat' dir='ltr'><strong>langage</strong></span> <span class='ocrx_word' id='word_1_139' title='bbox 750 3423 1012 3502; x_wconf 76' lang='lat' dir='ltr'><strong>hitroglyphiqne,</strong></span> <span class='ocrx_word' id='word_1_140' title='bbox 1024 3445 1234 3504; x_wconf 80' lang='lat' dir='ltr'><strong>unpasserean</strong></span> <span class='ocrx_word' id='word_1_141' title='bbox 1246 3409 1375 3504; x_wconf 72' lang='lat' dir='ltr'><strong>exprime</strong></span> <span class='ocrx_word' id='word_1_142' title='bbox 1387 3447 1446 3491; x_wconf 74' lang='lat' dir='ltr'><strong>nno</strong></span> 
     </span>
     <span class='ocr_line' id='line_1_22' title="bbox 411 3520 1445 3602; baseline 0.005 -23"><span class='ocrx_word' id='word_1_143' title='bbox 411 3520 524 3590; x_wconf 74' lang='lat' dir='ltr'><strong>annte3</strong></span> <span class='ocrx_word' id='word_1_144' title='bbox 539 3538 582 3576; x_wconf 91' lang='lat' dir='ltr'><strong>nn</strong></span> <span class='ocrx_word' id='word_1_145' title='bbox 594 3531 712 3595; x_wconf 80' lang='lat' dir='ltr'><strong>serpent</strong></span> <span class='ocrx_word' id='word_1_146' title='bbox 725 3521 815 3596; x_wconf 75' lang='lat' dir='ltr'><strong>replit</strong></span> <span class='ocrx_word' id='word_1_147' title='bbox 828 3541 865 3580; x_wconf 88' lang='lat' dir='ltr'><strong>en</strong></span> <span class='ocrx_word' id='word_1_148' title='bbox 875 3523 1136 3584; x_wconf 76' lang='lat' dir='ltr'><strong>sorme&#39;circu&#39;laire</strong></span> <span class='ocrx_word' id='word_1_149' title='bbox 1148 3535 1177 3584; x_wconf 83' lang='lat' dir='ltr'><strong>et</strong></span> <span class='ocrx_word' id='word_1_150' title='bbox 1190 3537 1292 3584; x_wconf 82' lang='lat' dir='ltr'><strong>tenant</strong></span> <span class='ocrx_word' id='word_1_151' title='bbox 1305 3545 1336 3584; x_wconf 78' lang='lat' dir='ltr'><strong>sa</strong></span> <span class='ocrx_word' id='word_1_152' title='bbox 1347 3543 1445 3602; x_wconf 85' lang='lat' dir='ltr'><strong>queue</strong></span> 
     </span>
     <span class='ocr_line' id='line_1_23' title="bbox 368 3619 1446 3702; baseline 0.007 -27"><span class='ocrx_word' id='word_1_153' title='bbox 368 3676 373 3684; x_wconf 77' lang='grc'>,</span> <span class='ocrx_word' id='word_1_154' title='bbox 410 3630 493 3676; x_wconf 81' lang='lat' dir='ltr'><strong>entre</strong></span> <span class='ocrx_word' id='word_1_155' title='bbox 507 3637 551 3678; x_wconf 79' lang='lat' dir='ltr'><strong>aes</strong></span> <span class='ocrx_word' id='word_1_156' title='bbox 562 3619 665 3692; x_wconf 76' lang='lat' dir='ltr'><strong>danto,</strong></span> <span class='ocrx_word' id='word_1_157' title='bbox 679 3621 791 3700; x_wconf 85' lang='lat' dir='ltr'><strong>signifie</strong></span> <span class='ocrx_word' id='word_1_158' title='bbox 805 3623 832 3681; x_wconf 86' lang='lat' dir='ltr'><strong>le</strong></span> <span class='ocrx_word' id='word_1_159' title='bbox 844 3634 937 3694; x_wconf 81' lang='lat' dir='ltr'><strong>tems,</strong></span> <span class='ocrx_word' id='word_1_160' title='bbox 951 3625 1005 3702; x_wconf 89' lang='lat' dir='ltr'><strong>qni</strong></span> <span class='ocrx_word' id='word_1_161' title='bbox 1018 3645 1048 3684; x_wconf 87' lang='lat' dir='ltr'><strong>se</strong></span> <span class='ocrx_word' id='word_1_162' title='bbox 1061 3627 1201 3686; x_wconf 82' lang='lat' dir='ltr'><strong>continue</strong></span> <span class='ocrx_word' id='word_1_163' title='bbox 1215 3645 1282 3686; x_wconf 84' lang='lat' dir='ltr'><strong>sans</strong></span> <span class='ocrx_word' id='word_1_164' title='bbox 1293 3627 1446 3702; x_wconf 82' lang='lat' dir='ltr'><strong>interrup-</strong></span> 
     </span>
     <span class='ocr_line' id='line_1_24' title="bbox 409 3719 1445 3804; baseline 0.006 -28"><span class='ocrx_word' id='word_1_165' title='bbox 409 3719 474 3777; x_wconf 82' lang='lat' dir='ltr'><strong>tion</strong></span> <span class='ocrx_word' id='word_1_166' title='bbox 491 3737 605 3776; x_wconf 84' lang='lat' dir='ltr'><strong>comme</strong></span> <span class='ocrx_word' id='word_1_167' title='bbox 618 3721 647 3778; x_wconf 83' lang='lat' dir='ltr'><strong>la</strong></span> <span class='ocrx_word' id='word_1_168' title='bbox 663 3721 877 3782; x_wconf 74' lang='lat' dir='ltr'><strong>circonftrence</strong></span> <span class='ocrx_word' id='word_1_169' title='bbox 891 3725 964 3782; x_wconf 88' lang='lat' dir='ltr'><strong>d&#39;nn</strong></span> <span class='ocrx_word' id='word_1_170' title='bbox 982 3728 1091 3796; x_wconf 84' lang='lat' dir='ltr'><strong>cerole,</strong></span> <span class='ocrx_word' id='word_1_171' title='bbox 1109 3740 1138 3784; x_wconf 86' lang='lat' dir='ltr'><strong>et</strong></span> <span class='ocrx_word' id='word_1_172' title='bbox 1150 3727 1202 3804; x_wconf 89' lang='lat' dir='ltr'><strong>qui</strong></span> <span class='ocrx_word' id='word_1_173' title='bbox 1214 3748 1244 3785; x_wconf 86' lang='lat' dir='ltr'><strong>se</strong></span> <span class='ocrx_word' id='word_1_174' title='bbox 1260 3727 1370 3785; x_wconf 73' lang='lat' dir='ltr'><strong>devoro</strong></span> <span class='ocrx_word' id='word_1_175' title='bbox 1386 3725 1445 3784; x_wconf 87' lang='lat' dir='ltr'><strong>lui-</strong></span> 
     </span>
     <span class='ocr_line' id='line_1_25' title="bbox 408 3811 1465 3906; baseline 0.006 -30"><span class='ocrx_word' id='word_1_176' title='bbox 408 3821 512 3876; x_wconf 70' lang='lat' dir='ltr'><strong>meme.</strong></span> <span class='ocrx_word' id='word_1_177' title='bbox 539 3811 664 3895; x_wconf 70' lang='lat' dir='ltr'><strong>Teinpus</strong></span> <span class='ocrx_word' id='word_1_178' title='bbox 685 3823 766 3879; x_wconf 71' lang='lat' dir='ltr'><strong>edax</strong></span> <span class='ocrx_word' id='word_1_179' title='bbox 785 3843 891 3906; x_wconf 76' lang='lat' dir='ltr'><strong>rernm.</strong></span> <span class='ocrx_word' id='word_1_180' title='bbox 917 3825 1045 3884; x_wconf 70' lang='lat' dir='ltr'><strong>Homero</strong></span> <span class='ocrx_word' id='word_1_181' title='bbox 1066 3839 1187 3898; x_wconf 84' lang='lat' dir='ltr'><strong>raconte</strong></span> <span class='ocrx_word' id='word_1_182' title='bbox 1209 3837 1284 3887; x_wconf 80' lang='lat' dir='ltr'><strong>cette</strong></span> <span class='ocrx_word' id='word_1_183' title='bbox 1305 3825 1382 3882; x_wconf 67' lang='lat' dir='ltr'><strong>suble</strong></span> <span class='ocrx_word' id='word_1_184' title='bbox 1402 3823 1465 3884; x_wconf 71' lang='grc' dir='ltr'><strong>ια’</strong></span> 
     </span>
    </p>
   </div>
   <div class='ocr_carea' id='block_1_7' title="bbox 409 3917 1444 4076">
    <p class='ocr_par' dir='ltr' id='par_1_8' title="bbox 409 3917 1444 4076">
     <span class='ocr_line' id='line_1_26' title="bbox 410 3917 1444 4075; baseline 0.01 -101"><span class='ocrx_word' id='word_1_185' title='bbox 410 3917 562 4074; x_wconf 58' lang='grc' dir='ltr'><strong>ἀεΙιΙικὶἒιπε</strong></span> <span class='ocrx_word' id='word_1_186' title='bbox 574 3919 648 4075; x_wconf 48' lang='grc' dir='ltr'><strong>ἕπε</strong></span> <span class='ocrx_word' id='word_1_187' title='bbox 660 3919 698 3982; x_wconf 84' lang='lat' dir='ltr'><strong>da</strong></span> <span class='ocrx_word' id='word_1_188' title='bbox 709 3921 830 3982; x_wconf 82' lang='lat' dir='ltr'><strong>l&#39;lliads.</strong></span> <span class='ocrx_word' id='word_1_189' title='bbox 844 3925 895 3984; x_wconf 88' lang='lat' dir='ltr'><strong>On</strong></span> <span class='ocrx_word' id='word_1_190' title='bbox 905 3937 979 4001; x_wconf 85' lang='lat' dir='ltr'><strong>peut</strong></span> <span class='ocrx_word' id='word_1_191' title='bbox 993 3945 1150 4004; x_wconf 78' lang='lat' dir='ltr'><strong>comparor</strong></span> <span class='ocrx_word' id='word_1_192' title='bbox 1161 3945 1196 3987; x_wconf 81' lang='lat' dir='ltr'><strong>sa·</strong></span> <span class='ocrx_word' id='word_1_193' title='bbox 1207 3925 1444 3988; x_wconf 74' lang='lat' dir='ltr'><strong>murrionrvcc</strong></span> 
     </span>
     <span class='ocr_line' id='line_1_27' title="bbox 409 4015 623 4076; baseline 0.005 -4"><span class='ocrx_word' id='word_1_194' title='bbox 409 4033 440 4072; x_wconf 86' lang='lat' dir='ltr'><strong>ce</strong></span> <span class='ocrx_word' id='word_1_195' title='bbox 463 4035 478 4074; x_wconf 80' lang='lat' dir='ltr'><strong>a</strong></span> <span class='ocrx_word' id='word_1_196' title='bbox 512 4015 576 4076; x_wconf 75' lang='lat' dir='ltr'><strong>&#39;ovi</strong></span> <span class='ocrx_word' id='word_1_197' title='bbox 598 4035 623 4075; x_wconf 85' lang='lat' dir='ltr'><strong>a.</strong></span> 
     </span>
    </p>
   </div>
   <div class='ocr_carea' id='block_1_8' title="bbox 0 0 1628 5338">
    <p class='ocr_par' dir='ltr' id='par_1_9' title="bbox 0 0 1628 5338">
     <span class='ocr_line' id='line_1_28' title="bbox 0 0 1628 5338; baseline 0 3"><span class='ocrx_word' id='word_1_198' title='bbox 0 0 1628 5338; x_wconf 95' lang='lat' dir='ltr'><strong> </strong></span> 
     </span>
    </p>
   </div>
  </div>
 </body>
</html>
