3248 5338
411 565 455 615 ss
524 555 609 610 nes
642 524 1082 610 niusuonouosos
1113 549 1341 630 n’ovson,

408 702 489 776 Aut
500 701 652 776 fuerant
664 698 865 798 promisse,
880 709 970 771 tuae.
985 698 1062 772 Nec
1075 699 1196 774 Caenis
1209 699 1252 774 in
1264 701 1365 774 ullos
1424 727 1428 736 ’

408 833 598 930 Denupsit
613 831 796 904 thalamos
813 858 821 904 :
836 840 1049 926 secreteque
1062 827 1173 904 litora
1187 853 1364 928 carpens,

410 959 591 1058 AEquorei
604 959 684 1034 vim
698 983 803 1056 pessa
818 957 889 1032 Dei
902 968 957 1032 est
973 985 982 1030 :
997 956 1050 1032 ite
1061 957 1089 1032 F
1090 983 1174 1034 ems
1188 958 1341 1034 ferebat.

409 1095 537 1192 thue
554 1119 665 1168 noves
680 1092 839 1168 Veneris
852 1091 1052 1189 Neptunus
1067 1090 1201 1190 gaudia
1213 1090 1332 1192 cepit3

410 1225 495 1298 Sint
510 1235 577 1298 tue
588 1235 676 1300 vote
688 1223 792 1320 lieet,
808 1222 926 1319 dixit,
941 1245 1071 1296 secure
1083 1222 1243 1320 repulsae
1260 1251 1279 1296 :2

407 1357 510 1454 Elige
518 1354 612 1454 quid
621 1380 771 1430 voveas.
782 1325 922 1428 Eadein
931 1351 1005 1426 hoe
1011 1349 1446 1450 quoquenamafoebat.

408 1487 608 1585 Magnum,
625 1485 746 1566 Coenis
759 1483 832 1580 nit,
845 1481 935 1560 feeit
946 1481 1028 1584 hnc
1039 1483 1183 1581 injuris
1194 1495 1353 1562 votum:

408 1615 498 1690 Tele
512 1617 591 1714 pati
604 1617 660 1690 nil
676 1639 782 1712 posse
798 1612 898 1688 mihi
910 1612 976 1710 dn,
990 1612 1150 1688 foemine
1163 1640 1213 1689 ne
1225 1617 1325 1690 sim:

408 1749 548 1824 Omnia
563 1747 792 1846 prestiteris.
812 1745 994 1822 Graviore
1009 1747 1215 1824 novissime
1228 1748 1331 1826 dixit
1424 1783 1428 1794 ·

407 1877 531 1952 Verbo
547 1901 640 1952 sono
658 1906 665 1951 :
683 1887 903 1975 poteratque
913 1877 991 1950 viri
1007 1903 1086 1954 vox
1101 1877 1165 1952 ills
1177 1877 1319 1976 videri,
1370 1901 1374 1908 ·
1406 1901 1411 1916 ·

408 2009 514 2082 Sicut
530 2020 620 2082 erat.
634 2009 668 2084 N
669 2035 730 2084 em
742 2011 819 2106 jem
831 2023 922 2086 voto
934 2012 1039 2086 Deus
1051 2013 1215 2110 sequeris
1225 2012 1296 2088 ulti
1318 2031 1323 2038 ·

296 2189 302 2216 .
407 2142 607 2218 Annueret
621 2171 629 2216 ε
644 2141 872 2240 dederatque
885 2169 1016 2242 super,
1030 2171 1081 2220 ne
1096 2145 1245 2223 saueius
1260 2143 1352 2220 ullis

407 2271 640 2348 Vulneribus
655 2271 759 2368 fieri,
775 2271 924 2351 seneve
939 2278 1161 2356 occumbere
1175 2287 1310 2376 posset.

406 2404 567 2480 Munere
582 2405 690 2482 lsetus
706 2407 785 2482 abit
800 2408 1034 2508 :studiisque
1049 2411 1229 2488 virilibus
1245 2435 1373 2488 aevuns

407 2533 532 2631 Exigit
544 2534 753 2636 Aeacides,
768 2537 981 2638 Peneiaque
993 2567 1086 2618 srva
1099 2555 1280 2643 pemmt.

406 2813 502 2888 Vll.
533 2816 800 2890 Centaurorum
817 2845 901 2892 cum
915 2821 1095 2920 Lapithis
1109 2824 1166 2898 ad
1174 2823 1446 2924 Hippodamiae

741 2953 894 3046 nuptiae
909 2966 1107 3030 certam.

452 3201 676 3278 Duxnnnn
690 3203 952 3303 Hippodamen
967 3213 1100 3288 audaci
1116 3222 1126 3254 ¹
1143 3216 1278 3292 Ixione
1290 3229 1426 3314 natus3

404 3333 691 3434 Nubigenasque
707 3337 823 3440 feros,
840 3345 969 3441 positis
982 3373 1031 3421 ex
1044 3347 1178 3424 oniine
1193 3351 1351 3448 mensis,

449 3565 458 3596 ¹
483 3560 621 3635 Audaci,
641 3567 827 3628 cesset-dire
846 3574 899 3650 qai
915 3593 1004 3634 ausus
1021 3589 1065 3634 est
1081 3579 1120 3636 de
1135 3589 1233 3655 stupro
1252 3579 1436 3656 sisoerpellare

404 3659 557 3718 lunonem.
575 3661 741 3731 Pirithoiis,
756 3666 801 3726 fils
814 3668 929 3728 d’lxion
941 3712 950 3742 ‚
964 3685 1054 3748 ayant
1067 3673 1120 3732 oui
1130 3675 1194 3733 dire
1207 3675 1259 3734 des
1271 3677 1435 3734 merveilles

403 3757 440 3813 de
456 3759 581 3829 Thesee,
595 3762 658 3818 sint
672 3764 699 3821 le
710 3763 799 3824 deflet
815 3778 845 3824 et
860 3769 887 3826 le
901 3771 1074 3829 combuttre.
1091 3773 1131 3830 11·
1146 3784 1307 3850 conportent
1320 3773 1433 3832 densis

403 3853 520 3908 conibet
537 3865 600 3912 tent
615 3857 746 3920 d’euims
761 3861 826 3920 l'nn
840 3883 921 3940 pour
935 3867 1060 3940 l’eutre,
1077 3869 1165 3948 qn'ils
1182 3889 1212 3930 se
1224 3869 1359 3944 inritent
1375 3887 1434 3929 noe

397 3950 499 4012 emitie'
516 3955 662 4016 somello.
