3248 5338
369 556 415 634 14
480 571 567 628 uus
594 541 1034 676 nirauoqrnosrs
1064 567 1296 648 novior,

367 722 440 798 Hie
455 744 610 820 quoque
622 725 682 792 tot
695 715 819 812 oaeais,
835 739 1004 815 quorum
1018 715 1191 815 perlitus
1207 727 1366 792 acervos'
1418 726 1425 734 '

367 857 416 934 Et
430 857 523 953 feci,
539 866 578 928 et
589 851 721 948 video,
736 849 860 925 valuit
872 875 956 924 mea
970 849 1123 947 dextra,
1138 851 1326 948 valetque.

415 985 553 1062 nixus
566 995 604 1056 et
615 991 703 1058 ante
715 977 806 1054 actis
820 978 941 1054 veluti
952 975 1051 1054 mall
1066 981 1254 1080 crederet,
1269 983 1416 1059 hastam

364 1117 471 1196 Misit
483 1117 527 1190 in
539 1112 741 1190 adversum
757 1110 872 1210 Lycit
885 1109 932 1184 de
947 1111 1056 1210 plebe
1071 1111 1285 1210 Menoeten3

362 1248 613 1345 loricamque
626 1241 740 1319 simul
748 1301 760 1343 ‚
775 1245 1017 1342 subjectoque
1032 1257 1183 1343 pectora
1197 1249 1316 1344 rupit.

234 1377 239 1388 ’
362 1381 453 1469 Quo
469 1375 666 1478 plangente
681 1399 834 1474 gravem
849 1375 1082 1452 moribundo
1093 1379 1236 1452 vertice
1250 1389 1410 1473 tenum,

360 1507 539 1586 Extrahit
551 1503 648 1580 illud
665 1503 768 1580 idem
784 1505 904 1581 eolido
919 1507 968 1582 de
982 1507 1144 1583 vulnere
1159 1509 1301 1606 telum3

359 1638 451 1738 'Atq3
461 1633 1469 1736 uit‚llaecmanusest:haec‚qulmodoricimus‚hastn:

360 1767 456 1842 Utor
467 1766 511 1840 in
523 1765 630 1839 huno
641 1763 763 1840 isdem
775 1793 783 1837 :
793 1764 843 1838 sit
854 1767 896 1838 iu
910 1765 984 1840 hoc
997 1793 1131 1864 precor
1142 1767 1268 1842 exitus
1280 1764 1396 1840 idem.
1503 1751 1506 1756 Δ

411 1901 472 1975 Sic
486 1897 602 1992 fatus,
618 1897 868 1994 Cygnumque
882 1901 995 1994 petit,
1009 1923 1080 1971 nec
1092 1898 1267 1972 fraxinus
1282 1909 1402 1995 errat3

359 2029 484 2126 Inque
497 2025 660 2113 humero
673 2022 804 2098 sonuit
819 2051 899 2099 uon
914 2027 1053 2102 evitata
1069 2029 1223 2102 einirtro
1239 2057 1248 2103 :
1385 2097 1387 2104 ,

358 2161 473 2258 Inde,
487 2159 596 2233 velut
610 2183 724 2233 muro
740 2159 906 2236 sohdtve
921 2189 943 2234 a
957 2175 1085 2260 caute,
1104 2161 1254 2262 repulsa
1266 2175 1332 2237 eat.

358 2290 447 2380 Qut
464 2301 591 2364 tamen
606 2289 705 2363 iotuu
718 2301 797 2364 erat
811 2289 1019 2390 signatum,
1035 2293 1217 2390 sanguine
1230 2293 1404 2390 Cygnum

355 2421 532 2518 Viderat,
548 2431 585 2495 et
597 2394 739 2495 fruetre
751 2419 878 2495 fuerat
893 2426 1061 2520 gavisus,
1077 2421 1264 2496 Achilles:

354 2549 393 2629 ,Ὺ
392 2550 509 2626 ulnus
522 2561 601 2624 erat
612 2549 766 2624 nullum
783 2579 791 2625 ε
807 2551 957 2650 sanguis
970 2550 1046 2624 fuit
1059 2551 1124 2624 ille
1137 2551 1325 2626 Meuoetae.

401 2681 436 2754 T
437 2707 506 2756 um
517 2683 609 2756 vero
622 2707 807 2780 praeceps,
823 2709 943 2757 curru
956 2683 1230 2758 fremebundus
1242 2685 1290 2758 ab
1300 2681 1397 2785 alto,

353 2812 490 2890 Desilit
505 2837 515 2886 r
531 2825 569 2886 et
584 2812 708 2887 nitido
724 2839 903 2890 securum
916 2818 1091 2891 eominus
1105 2815 1255 2893 hostem
1270 2825 1280 2856 ¹

352 2943 452 3023 Ense
467 2952 616 3038 petens,
630 2967 803 3040 parmam
818 2945 939 3043 gladio
954 2939 1168 3048 galeamque
1181 2949 1306 3024 cavari

353 3073 504 3168 Cernit,
521 3083 558 3146 et
570 3073 613 3146 in
626 3071 726 3149 duro
741 3075 829 3152 loedi
846 3080 1001 3181 qu'oque
1016 3108 1177 3182 oorpore.
1187 3085 1346 3166 ferrum.

352 3201 466 3278 Haud
480 3201 571 3276 tulit
585 3201 747 3280 ulterius
763 3235 771 3282 :
787 3210 994 3329 clypeoque
1010 3214 1166 3290 adversa
1178 3215 1337 3292 reducto

351 3331 428 3408 Ter
442 3345 575 3432 quater
587 3359 653 3410 ora
669 3334 764 3435 viri,
779 3340 914 3442 capulo
927 3367 1018 3418 eave
1033 3353 1204 3442 tempora
1219 3343 1358 3441 pulsat.

350 3463 583 3563 cedentique
597 3491 758 3566 sequens
772 3469 889 3546 instat
904 3501 914 3548 ε
929 3474 1153 3572 turbatque,
1168 3473 1345 3572 ruitque3

347 3588 597 3694 Attonitoque
613 3607 722 3695 neget
733 3585 918 3696 requiem.
932 3600 1056 3676 Pavor
1069 3613 1226 3701 occupet
1239 3601 1370 3699 illum,

392 3809 402 3842 ¹
430 3809 486 3874 Les
507 3829 575 3869 vers
596 3811 722 3872 rl'Ovide
744 3815 909 3875 etincellent
926 3817 964 3876 de
986 3817 1386 3892 colere‚commeaehtl1e=

297 3957 313 3974 ,
346 3904 485 3981 rapidos,
506 3902 583 3976 vila,
601 3928 756 3984 pressans,
777 3914 811 3972 ils
830 3927 977 3990 preunent
994 3927 1092 3980 tontes
1109 3919 1151 3978 let
1169 3914 1331 3989 altituder,
1351 3915 1388 3973 ilr

278 4009 284 4023 '
342 4003 484 4091 prigneut
497 4017 568 4066 tous
579 4007 623 4067 les
633 4027 826 4074 mouremens
839 4013 883 4076 du
896 4013 993 4077 heroe.
