3170 5366
414 574 417 580 ¹
454 547 525 623 256
568 561 650 617 uus
680 533 1121 614 uirsuoaruosss
1154 554 1381 634 n’ovruu,

451 713 499 785 Et
513 711 667 784 levibus
675 707 812 806 stagnis
826 693 1038 800 mirantia,
1056 704 1260 803 semicaper
1276 713 1283 742 ¹
1300 707 1380 779 Pan

451 844 564 918 Nunc
576 851 696 934 tenet3
711 849 749 911 at
763 834 929 933 quodam
941 844 1150 907 tenuerunt
1163 811 1332 932 tempore
1345 815 1538 934 Nymphae.
1572 869 1575 874 ·

501 973 675 1072 Appulus
689 971 756 1044 has
772 969 837 1041 ille
853 978 978 1064 pastor
992 965 1142 1062 regione
1154 966 1294 1064 fugatas

452 1110 626 1204 Terruit,
643 1119 680 1180 et
693 1105 819 1204 primb
835 1101 960 1176 subiti
972 1099 1177 1174 formidine
1191 1101 1329 1196 movit3

452 1243 561 1336 Mox,
580 1239 649 1312 ubi
662 1263 769 1311 mens
785 1233 917 1330 rediit,
938 1244 975 1306 et
988 1233 1218 1308 contemsere
1232 1245 1452 1332 sequentem
1461 1265 1472 1330 ;

452 1372 510 1448 Ad
524 1396 731 1446 numerum
745 1367 858 1442 motis
874 1364 1035 1463 pedibus
1048 1364 1194 1440 duxere
1209 1365 1375 1440 choreas.

452 1505 644 1602 Improbat
655 1500 722 1574 has
737 1509 887 1596 pastor:
904 1497 1077 1594 saltuque
1094 1497 1263 1570 imitatus
1275 1497 1410 1594 agresti

451 1631 610 1706 Addidit
623 1629 792 1703 obscenis
805 1625 976 1699 convicia
989 1623 1263 1698 rusticadictis.

450 1761 527 1836 Neo
539 1761 647 1858 prius
660 1758 837 1852 obticuit,
847 1757 963 1853 quim
977 1768 1128 1854 guttura
1142 1755 1312 1829 condidit
1324 1759 1451 1832 arbor.
1578 1791 1579 1838 i

345 1903 348 1912 ’
451 1891 596 1966 Arbore
610 1890 714 1962 enim
729 1911 915 1981 succoque
929 1885 1018 1957 licet
1031 1909 1248 1982 cognoscere
1263 1909 1406 1980 mores;

453 2017 604 2114 Quippe
620 2028 749 2090 notam
763 2017 902 2111 lingum
914 2013 1033 2086 baccis
1048 2013 1203 2086 oleaster
1215 2015 1353 2087 amaris

451 2146 627 2222 Exhibet.
647 2145 835 2242 Asperitas
851 2141 1184 2216 verborumcessit
1196 2143 1239 2214 in
1252 2141 1346 2214 illas.

655 2407 704 2478 X.
733 2410 865 2479 AEneae
881 2429 997 2478 naves
1016 2406 1056 2475 in
1073 2405 1287 2501 Nymphas.

498 2651 620 2730 Hnso
636 2652 704 2726 ubi
718 2651 827 2750 legati
841 2649 1002 2745 rediere,
1020 2662 1151 2748 negata
1167 2650 1327 2724 ferentes

450 2779 567 2854 Arma
578 2780 702 2854 AEtola
713 2779 806 2876 sibi,
826 2779 962 2852 Rutuli
975 2779 1057 2852 sine
1072 2779 1220 2852 viribus
1237 2780 1313 2852 illis

450 2911 552 2986 Bella
563 2914 748 2986 instructa
758 2925 913 3008 gerunt3
931 2914 1173 3008 multumque
1187 2913 1233 2984 ab
1246 2909 1410 3006 utrique
1422 2914 1559 2985 cruoris

449 3043 558 3117 Parte
570 3043 695 3118 datur.
713 3044 799 3116 Fert
812 3070 894 3118 ecce
907 3043 1035 3118 avidas
1049 3045 1091 3116 in
1105 3043 1216 3141 pinea
1228 3042 1385 3116 Turnus

448 3173 569 3249 Texta
585 3175 679 3249 faces
697 3204 704 3248 :
724 3176 902 3273 ignesque
915 3178 1070 3274 timent,
1089 3177 1229 3274 quibus
1242 3175 1349 3250 unda
1361 3177 1538 3274 pepercit.

448 3304 608 3400 Jamque
621 3303 762 3400 picem,
778 3319 815 3378 et
828 3333 947 3403 ceras,
961 3307 1212 3403 alimentaque
1225 3319 1357 3380 caetera
1369 3307 1544 3400 flamme,

448 3435 635 3510 Mulciber
647 3438 797 3534 urebat,
812 3465 955 3536 perque
969 3439 1088 3514 altum
1101 3437 1146 3512 ad
1161 3439 1308 3512 carbasa
1315 3439 1459 3513 malum

494 3665 502 3694 ¹
528 3665 595 3722 Pan
608 3667 680 3722 deus
692 3679 735 3723 est
746 3681 917 3742 pastorum,
931 3669 983 3744 qui
993 3687 1013 3724 a
1021 3681 1109 3744 parre
1113 3668 1271 3744 posteriori
1280 3685 1371 3742 capro
1382 3669 1487 3722 similis

442 3757 628 3834 pingebatur.
651 3762 811 3836 L'epithete
832 3766 1011 3840 semicaper,
1030 3765 1083 3839 qui
1101 3777 1145 3820 est
1163 3765 1345 3839 pistoresque
1365 3774 1395 3820 et
1413 3764 1488 3819 tres-

449 3859 585 3930 agreable
600 3861 740 3931 calatin,
754 3863 802 3918 n’a
817 3883 897 3938 pour
909 3865 1077 3940 equivalent
1091 3885 1128 3922 en
1142 3863 1287 3943 tranqais,
1302 3883 1361 3942 que
1375 3864 1402 3921 le
1417 3863 1488 3921 dieu

448 3953 619 4032 chivi-epid,
635 3959 686 4036 qui
700 3961 771 4018 n'est
784 3979 836 4035 pas
850 3961 892 4020 du
906 3963 980 4038 style
992 3962 1090 4022 noble.
