3216 5344
431 513 502 590 150
547 530 631 584 nas
660 495 1098 586 nea·anonpnosns
1128 533 1358 613 mortno,

393 731 395 734 -
429 683 510 755 Hoc
526 681 594 755 ubi
607 679 798 778 cognovit,
814 678 936 774 Trojee
951 681 1168 780 populator,
1187 683 1357 784 Atrides,
1467 724 1473 740 ·

423 815 481 889 Ne
495 839 574 888 non
590 837 640 886 ex
651 809 778 908 aliqud
793 821 956 884 vestram
969 811 1124 884 sensisse
1137 813 1339 910 procellam

426 943 501 1019 Nos
517 969 669 1042 quoque
684 921 790 1040 parte
805 952 933 1038 putes,
952 966 1146 1016 armorum
1162 942 1311 1016 viribus
1325 968 1436 1040 usuc,

356 1147 359 1154 ,
426 1069 622 1144 Abstrahit
636 1069 775 1144 invitas
789 1067 930 1168 gremio
941 1067 1119 1172 genitoris
1136 1099 1144 1144 :
1162 1057 1340 1176 alantque
1425 1111 1428 1116 ·

426 1203 590 1300 Imperat
602 1201 810 1301 Argolicam
825 1200 966 1274 coelesti
979 1225 1139 1276 munere
1154 1202 1319 1286 classem,

425 1337 621 1434 Effugiunt
633 1363 710 1434 quo
724 1359 886 1432 quaeque
902 1342 1035 1430 potest.
1054 1332 1198 1408 Euboea
1213 1340 1222 1368 ¹
1240 1332 1406 1430 duabus,¹

424 1468 473 1540 Et
488 1465 645 1541 totidem
659 1463 755 1536 natis
769 1461 919 1536 Andros
934 1459 1127 1563 ''fraterna
1137 1463 1253 1558 petita
1268 1473 1335 1535 est.

423 1600 532 1674 Miles
547 1597 649 1672 adest
655 1629 666 1696 3
682 1609 737 1694 et,
756 1596 798 1670 ni
814 1595 1020 1692 dedantur,
1037 1595 1136 1670 bella
1150 1595 1333 1672 minatur.

424 1734 532 1808 Victa
546 1744 652 1808 metu
665 1734 782 1830 pietas
796 1727 983 1804 consorua
994 1741 1144 1826 pectora
1159 1755 1284 1828 poenae
1298 1727 1312 1766 ³

423 1859 539 1976 Dedit
556 1890 563 1934 :
580 1873 617 1934 et
629 1869 673 1934 ut
685 1860 820 1936 timido
837 1860 954 1959 possis
969 1831 1157 1959 ignoscere
1169 1862 1297 1961 fratri,

422 1996 509 2074 Non
523 1991 587 2068 hlc
599 1995 756 2089 AEneas,
772 2019 850 2068 non
858 2053 869 2092 ,
884 1995 954 2092 qui
967 1994 1182 2070 defenderet
1196 1995 1375 2089 Andron,

423 2124 562 2200 Hector
575 2136 671 2220 erat;
687 2151 755 2220 per
768 2149 862 2221 quos
876 2123 1068 2200 decimum
1080 2123 1244 2200 durantis
1256 2126 1299 2200 in
1313 2151 1470 2203 annum.

422 2261 581 2356 Jamque
594 2258 823 2355 parabantur
835 2255 993 2352 captivis
1006 2245 1133 2330 vincla
1146 2255 1308 2332 lacertis:

421 2357 500 2498 lllae
513 2391 684 2464 tollentes
699 2391 908 2464 etiamnum
922 2390 1040 2464 libem
1053 2390 1148 2464 coelo

422 2521 598 2618 Brachia3
614 2518 757 2594 Bacche
770 2531 895 2616 pater,
910 2516 967 2590 fer
980 2543 1109 2614 opem,
1128 2515 1260 2590 dixdre
1273 2543 1281 2590 :
1293 2513 1457 2612 tulitque

422 2652 594 2728 Muneris
610 2663 739 2725 auctor
754 2677 863 2748 opem
881 2677 888 2722 :
905 2649 937 2722 si
949 2649 1049 2722 miro
1062 2649 1217 2747 perdere
1229 2648 1364 2722 more*

421 2785 533 2858 Ferre
549 2797 706 2858 vocatur
718 2761 841 2880 opem.
860 2781 935 2858 Nec
948 2782 1023 2878 qud
1042 2782 1184 2856 ratione
1198 2779 1357 2878 figuram

422 2911 678 3007 Perdiderint,
693 2911 803 3008 potui
816 2911 927 3008 scire,
947 2923 1013 2984 aut
1029 2936 1134 2984 nunc
1148 2910 1272 2984 dicere
1285 2911 1436 3008 possim.

422 3047 578 3119 Summa
590 3042 680 3118 mali
693 3055 782 3136 nota
794 3054 850 3118 eet
867 3069 1028 3142 :pennas
1041 3046 1226 3134 sumsere,
1247 3037 1423 3137 tuaeque⁵

422 3177 598 3275 Coniugis
614 3178 657 3250 in
670 3177 883 3276 volucrem,
901 3179 1031 3254 niveas
1043 3179 1167 3254 abiere
1183 3180 1387 3259 columbas.
1500 3255 1502 3260 .

464 3383 474 3414 ¹
497 3377 611 3434 Euboea
624 3377 720 3432 insula
734 3369 777 3433 ere
787 3379 913 3433 Boeote'oe
925 3379 1081 3449 adjacens,
1096 3347 1369 3450 admodtm'tonga.

463 3483 478 3512 ¹
500 3481 617 3536 Andros
628 3479 723 3536 iaculo
736 3492 779 3535 est
792 3479 881 3534 unae
896 3479 1087 3554 Cycladibus,
1102 3483 1142 3536 ab
1152 3482 1253 3538 Andro
1261 3519 1271 3546 ,
1285 3479 1446 3551 Arriifita'm

420 3577 618 3632 denominata.

458 3672 471 3711 ³
493 3676 598 3730 Prenoe
604 3717 614 3744 ,
629 3675 814 3732 c'ert-d-dire
829 3691 861 3733 ut
870 3677 900 3734 ia
914 3679 1033 3734 erilium
1046 3692 1268 3754 asportarentur.
1330 3721 1334 3728 .

460 3769 474 3817 ⁴
493 3777 538 3830 Ac
559 3777 586 3831 si
602 3775 709 3832 diceret
727 3779 820 3833 Anius
830 3817 840 3845 ,
857 3779 986 3854 perdere
1005 3781 1078 3836 miro
1100 3779 1188 3836 modo
1207 3797 1265 3834 non
1285 3797 1347 3836 esse
1366 3799 1447 3854 opem

408 3874 503 3946 serre.

459 3967 473 4007 ⁵
492 3971 607 4048 Nempe
622 3975 747 4032 Veneris.
764 3977 843 4033 Nam
856 3977 999 4034 columbae
1013 3977 1195 4034 Veneticum
1205 3975 1322 4032 dr'eatoe.
