3178 5350
409 491 480 568 sto
523 503 606 560 nus
635 475 1074 558 usrauosenosas
1104 497 1338 576 movroa,

406 651 649 748 Purpureum
662 643 871 746 chlamydis
885 669 1022 744 mnne
1037 646 1185 719 unxere
1198 643 1379 720 colorem.

404 779 538 856 Fibula
550 775 653 876 quod
667 775 808 872 fuerat,
823 787 1041 872 vestemque
1052 773 1309 851 momorderat
1324 782 1333 812 ¹
1349 799 1497 870 aurum,

404 909 537 984 Pluma
552 907 597 982 fit
613 937 620 982 :
637 919 674 982 et
686 905 795 982 fulvo
811 909 945 980 cervix
960 904 1206 1004 praecmgitur
1218 931 1326 982 auro.

401 1037 478 1114 Nec
492 1037 696 1138 quicqum
713 1035 863 1134 antiqui
877 1034 986 1132 Pico,
1005 1035 1080 1109 nisi
1093 1036 1271 1136 nomine,
1288 1045 1418 1112 restat.

401 1267 496 1346 vll.
522 1270 610 1345 Pici
621 1269 771 1341 comites
785 1269 825 1340 in
839 1279 1005 1340 monstra
1019 1277 1225 1341 mutantur.
1241 1267 1393 1342 Canens
1406 1267 1446 1338 in

605 1423 742 1470 curam
757 1397 875 1470 levem
890 1397 1016 1470 dolore
1031 1399 1231 1472 evanescit.

446 1629 657 1704 turrem
674 1627 849 1722 comites,
866 1627 1022 1701 clamato
1036 1652 1134 1726 saepe
1149 1651 1219 1724 per
1230 1651 1336 1723 agros

393 1757 653 1858 Nequicquam
669 1759 777 1855 Pico,
795 1753 979 1852 nulleque
994 1755 1037 1828 in
1050 1765 1155 1852 parte
1171 1767 1341 1852 reperto,

393 1889 602 1964 inveniunt
615 1893 750 1964 Circen
767 1920 775 1963 :
791 1917 879 1962 nam
891 1891 968 1985 jam
981 1899 1232 1963 tenuaverat·
1247 1915 1381 1987 auras,

393 2019 575 2117 Passaque
592 2033 672 2092 erat
684 2019 839 2092 nebulas
852 2017 977 2091 ventis
994 2041 1035 2090 ac
1052 2017 1129 2091 sole
1144 2018 1300 2116 resolvi,

391 2151 699 2250 Criminibusque
715 2161 897 2250 premunt
909 2149 1030 2248 veris,
1045 2175 1245 2249 regemque
1259 2165 1479 2250 reposcunt,

388 2279 554 2378 Vimque
566 2281 713 2377 ferunt,
728 2281 913 2378 saevisque
925 2293 1061 2378 parant
1074 2281 1258 2356 incessere
1275 2282 1374 2358 telis.

438 2412 507 2485 Illa
521 2437 660 2486 nocens
679 2413 817 2510 spargit
832 2412 960 2510 virus,
977 2437 1180 2512 succosque
1193 2415 1354 2512 veneni3

389 2542 437 2617 Et
449 2543 625 2640 Noctem,
644 2543 845 2640 Noctisque
858 2545 1168 2642 DeosEreboque
1183 2543 1363 2644 Chaoque

388 2676 579 2766 Convocat
595 2704 604 2750 ε
621 2688 658 2750 et
671 2675 821 2774 magicis
838 2675 1002 2750 Hecaten
1016 2677 1225 2750 ululatibus
1239 2688 1332 2751 orat.

388 2803 567 2876 Exiluere
579 2803 680 2902 loco,
700 2803 715 2901 (
723 2803 829 2877 dictu
845 2804 1018 2880 mirabile
1030 2803 1066 2902 !)
1084 2805 1190 2926 silvae
1200 2835 1210 2901 ;

388 2933 650 3034 ingemuitque
664 2937 808 3034 solmn,
827 2937 1028 3035 vicinaque
1045 2937 1180 3047 palluit
1195 2939 1324 3035 arbos;

387 3067 594 3165 Sparsaque
607 3069 819 3166 sanguineis
833 3071 1063 3147 maduerunt
1076 3073 1213 3172 pabula
1225 3073 1361 3172 guttis:

387 3195 434 3267 Et
447 3195 587 3292 lapides
600 3197 674 3272 visi
689 3190 855 3296 mugitus
871 3199 980 3276 edere
997 3229 1145 3300 raucos3

387 3327 435 3400 Et
450 3327 584 3401 latrare
600 3357 709 3404 canes
726 3359 734 3404 :
750 3344 786 3404 et
802 3333 946 3408 humus
963 3333 1200 3433 serpentibus
1217 3335 1309 3410 atris

432 3525 442 3554 ¹
467 3528 662 3601 Namfibnloe
676 3531 807 3586 mordere
820 3544 914 3588 vestes
928 3534 1072 3590 videntur.
1088 3533 1238 3610 Sign'ficat
1248 3547 1346 3592 autem
1360 3536 1426 3591 Pici

387 3639 507 3679 auream
517 3627 635 3695 monile,
645 3627 676 3682 in
687 3629 949 3703 torquernsulounr,
962 3649 1019 3708 quo
1030 3636 1135 3689 collum
1146 3634 1211 3690 Pici
1219 3636 1280 3692 aris
1289 3636 1421 3713 cingitur,

375 3719 475 3792 fur'sse
488 3742 662 3782 conversum.

430 3824 444 3852 ⁸
468 3823 579 3880 Tenues
597 3827 767 3883 reddiderat
781 3848 818 3885 ac
834 3832 959 3902 subtiles.
982 3834 1034 3890 Est
1052 3846 1146 3890 cirtem
1159 3834 1346 3910 parenthesis
1364 3835 1425 3912 qud

386 3921 514 3978 amasio
526 3923 690 3982 verisimilis
704 3926 837 3998 (Μαῖαν.
