<?xml version="1.0" encoding="UTF-8"?>
<!DOCTYPE html PUBLIC "-//W3C//DTD XHTML 1.0 Transitional//EN"
    "http://www.w3.org/TR/xhtml1/DTD/xhtml1-transitional.dtd">
<html xmlns="http://www.w3.org/1999/xhtml" xml:lang="en" lang="en">
 <head>
  <title>
</title>
<meta http-equiv="Content-Type" content="text/html;charset=utf-8" />
  <meta name='ocr-system' content='tesseract 3.04.00' />
  <meta name='ocr-capabilities' content='ocr_page ocr_carea ocr_par ocr_line ocrx_word'/>
</head>
<body>
  <div class='ocr_page' id='page_1' title='image "./lesmtamorphoses03saingoog_0204.png"; bbox 0 0 3178 5350; ppageno 0'>
   <div class='ocr_carea' id='block_1_1' title="bbox 476 583 1396 721">
    <p class='ocr_par' dir='ltr' id='par_1_1' title="bbox 476 583 1396 721">
     <span class='ocr_line' id='line_1_1' title="bbox 476 583 1396 721; baseline -0.015 -15"><span class='ocrx_word' id='word_1_1' title='bbox 476 628 546 721; x_wconf 82' lang='lat'>178</span> <span class='ocrx_word' id='word_1_2' title='bbox 591 639 677 697; x_wconf 77' lang='lat' dir='ltr'>aas</span> <span class='ocrx_word' id='word_1_3' title='bbox 705 583 1139 695; x_wconf 72' lang='lat' dir='ltr'>usrauonruosss</span> <span class='ocrx_word' id='word_1_4' title='bbox 1168 631 1396 714; x_wconf 71' lang='lat' dir='ltr'>morior,</span> 
     </span>
    </p>
   </div>
   <div class='ocr_carea' id='block_1_2' title="bbox 437 778 1572 3892">
    <p class='ocr_par' dir='ltr' id='par_1_2' title="bbox 472 778 1438 887">
     <span class='ocr_line' id='line_1_2' title="bbox 472 778 1438 887; baseline -0.008 -20"><span class='ocrx_word' id='word_1_5' title='bbox 472 789 663 887; x_wconf 80' lang='lat' dir='ltr'>Obstupui</span> <span class='ocrx_word' id='word_1_6' title='bbox 673 813 681 860; x_wconf 91' lang='lat'><strong>:</strong></span> <span class='ocrx_word' id='word_1_7' title='bbox 690 782 906 879; x_wconf 88' lang='lat' dir='ltr'>dubiusque</span> <span class='ocrx_word' id='word_1_8' title='bbox 917 778 987 854; x_wconf 91' lang='lat' dir='ltr'>diu</span> <span class='ocrx_word' id='word_1_9' title='bbox 1000 838 1010 878; x_wconf 93' lang='lat'>,</span> <span class='ocrx_word' id='word_1_10' title='bbox 1023 805 1110 878; x_wconf 81' lang='lat' dir='ltr'>quae</span> <span class='ocrx_word' id='word_1_11' title='bbox 1120 805 1249 880; x_wconf 85' lang='lat' dir='ltr'>causa,</span> <span class='ocrx_word' id='word_1_12' title='bbox 1265 786 1438 882; x_wconf 91' lang='lat' dir='ltr'>requiro;</span> 
     </span>
    </p>

    <p class='ocr_par' dir='ltr' id='par_1_3' title="bbox 467 910 1572 1276">
     <span class='ocr_line' id='line_1_3' title="bbox 468 910 1536 1010; baseline -0.007 -11"><span class='ocrx_word' id='word_1_13' title='bbox 468 925 570 1000; x_wconf 87' lang='lat' dir='ltr'>Num</span> <span class='ocrx_word' id='word_1_14' title='bbox 579 922 681 995; x_wconf 80' lang='lat' dir='ltr'>Deus</span> <span class='ocrx_word' id='word_1_15' title='bbox 694 915 767 990; x_wconf 90' lang='lat' dir='ltr'>hoc</span> <span class='ocrx_word' id='word_1_16' title='bbox 779 912 934 1010; x_wconf 84' lang='lat' dir='ltr'>aliquis,</span> <span class='ocrx_word' id='word_1_17' title='bbox 950 937 1046 986; x_wconf 88' lang='lat' dir='ltr'>num</span> <span class='ocrx_word' id='word_1_18' title='bbox 1059 935 1193 986; x_wconf 87' lang='lat' dir='ltr'>succus</span> <span class='ocrx_word' id='word_1_19' title='bbox 1205 910 1338 987; x_wconf 86' lang='lat' dir='ltr'>fecerit</span> <span class='ocrx_word' id='word_1_20' title='bbox 1348 914 1480 988; x_wconf 84' lang='lat' dir='ltr'>herbae.</span> <span class='ocrx_word' id='word_1_21' title='bbox 1533 980 1536 991; x_wconf 91' lang='lat'>.</span> 
     </span>
     <span class='ocr_line' id='line_1_4' title="bbox 470 1040 1572 1142; baseline -0.011 -16"><span class='ocrx_word' id='word_1_22' title='bbox 470 1045 794 1142; x_wconf 64' lang='lat' dir='ltr'>onerantem,</span> <span class='ocrx_word' id='word_1_23' title='bbox 810 1043 989 1140; x_wconf 82' lang='lat' dir='ltr'>inquam,</span> <span class='ocrx_word' id='word_1_24' title='bbox 1002 1041 1103 1116; x_wconf 84' lang='lat' dir='ltr'>vires</span> <span class='ocrx_word' id='word_1_25' title='bbox 1112 1040 1225 1118; x_wconf 89' lang='lat' dir='ltr'>habet</span> <span class='ocrx_word' id='word_1_26' title='bbox 1237 1043 1383 1118; x_wconf 80' lang='lat' dir='ltr'>herba?</span> <span class='ocrx_word' id='word_1_27' title='bbox 1394 1067 1572 1140; x_wconf 85' lang='lat' dir='ltr'>manuque</span> 
     </span>
     <span class='ocr_line' id='line_1_5' title="bbox 467 1171 1421 1276; baseline -0.01 -16"><span class='ocrx_word' id='word_1_28' title='bbox 467 1183 607 1260; x_wconf 81' lang='lat' dir='ltr'>Pabula</span> <span class='ocrx_word' id='word_1_29' title='bbox 623 1176 809 1276; x_wconf 82' lang='lat' dir='ltr'>decerpsi,</span> <span class='ocrx_word' id='word_1_30' title='bbox 827 1173 1077 1271; x_wconf 80' lang='lat' dir='ltr'>decerptaque</span> <span class='ocrx_word' id='word_1_31' title='bbox 1091 1171 1204 1248; x_wconf 89' lang='lat' dir='ltr'>dente</span> <span class='ocrx_word' id='word_1_32' title='bbox 1219 1174 1421 1250; x_wconf 84' lang='lat' dir='ltr'>momordi.</span> 
     </span>
    </p>

    <p class='ocr_par' dir='ltr' id='par_1_4' title="bbox 464 1307 1409 1406">
     <span class='ocr_line' id='line_1_6' title="bbox 464 1307 1409 1406; baseline -0.015 -11"><span class='ocrx_word' id='word_1_33' title='bbox 464 1317 543 1395; x_wconf 77' lang='lat' dir='ltr'>Vix</span> <span class='ocrx_word' id='word_1_34' title='bbox 555 1317 651 1392; x_wconf 89' lang='lat' dir='ltr'>bene</span> <span class='ocrx_word' id='word_1_35' title='bbox 664 1309 923 1388; x_wconf 82' lang='lat' dir='ltr'>combiberant</span> <span class='ocrx_word' id='word_1_36' title='bbox 938 1307 1084 1404; x_wconf 84' lang='lat' dir='ltr'>ignotos</span> <span class='ocrx_word' id='word_1_37' title='bbox 1096 1318 1250 1404; x_wconf 81' lang='lat' dir='ltr'>guttura</span> <span class='ocrx_word' id='word_1_38' title='bbox 1264 1333 1409 1406; x_wconf 83' lang='lat' dir='ltr'>succos,</span> 
     </span>
    </p>

    <p class='ocr_par' dir='ltr' id='par_1_5' title="bbox 462 1436 1375 1672">
     <span class='ocr_line' id='line_1_7' title="bbox 464 1436 1375 1539; baseline -0.016 -15"><span class='ocrx_word' id='word_1_39' title='bbox 464 1451 562 1524; x_wconf 77' lang='lat' dir='ltr'>Cirm</span> <span class='ocrx_word' id='word_1_40' title='bbox 578 1444 704 1522; x_wconf 77' lang='lat' dir='ltr'>subito</span> <span class='ocrx_word' id='word_1_41' title='bbox 716 1439 904 1539; x_wconf 84' lang='lat' dir='ltr'>trepidare</span> <span class='ocrx_word' id='word_1_42' title='bbox 917 1440 1022 1512; x_wconf 85' lang='lat' dir='ltr'>intus</span> <span class='ocrx_word' id='word_1_43' title='bbox 1036 1436 1242 1536; x_wconf 79' lang='lat' dir='ltr'>praecordiu</span> <span class='ocrx_word' id='word_1_44' title='bbox 1258 1439 1375 1536; x_wconf 81' lang='lat' dir='ltr'>sensi3</span> 
     </span>
     <span class='ocr_line' id='line_1_8' title="bbox 462 1571 1262 1672; baseline -0.016 -18"><span class='ocrx_word' id='word_1_45' title='bbox 462 1577 704 1672; x_wconf 74' lang='lat' dir='ltr'>Alteriusque</span> <span class='ocrx_word' id='word_1_46' title='bbox 717 1571 798 1670; x_wconf 89' lang='lat' dir='ltr'>rapi</span> <span class='ocrx_word' id='word_1_47' title='bbox 813 1581 961 1644; x_wconf 72' lang='lat' dir='ltr'>natum</span> <span class='ocrx_word' id='word_1_48' title='bbox 977 1579 1107 1666; x_wconf 86' lang='lat' dir='ltr'>pectus</span> <span class='ocrx_word' id='word_1_49' title='bbox 1123 1586 1262 1642; x_wconf 80' lang='lat' dir='ltr'>amore.</span> 
     </span>
    </p>

    <p class='ocr_par' dir='ltr' id='par_1_6' title="bbox 458 1695 1557 2315">
     <span class='ocr_line' id='line_1_9' title="bbox 461 1695 1462 1802; baseline -0.01 -20"><span class='ocrx_word' id='word_1_50' title='bbox 461 1707 538 1783; x_wconf 90' lang='lat' dir='ltr'>Nec</span> <span class='ocrx_word' id='word_1_51' title='bbox 550 1702 659 1802; x_wconf 91' lang='lat' dir='ltr'>potui</span> <span class='ocrx_word' id='word_1_52' title='bbox 671 1711 810 1774; x_wconf 81' lang='lat' dir='ltr'>restare</span> <span class='ocrx_word' id='word_1_53' title='bbox 822 1697 904 1770; x_wconf 91' lang='lat' dir='ltr'>loco</span> <span class='ocrx_word' id='word_1_54' title='bbox 922 1725 930 1770; x_wconf 93' lang='lat'><strong>:</strong></span> <span class='ocrx_word' id='word_1_55' title='bbox 949 1695 1242 1794; x_wconf 85' lang='lat' dir='ltr'>Repetendaque</span> <span class='ocrx_word' id='word_1_56' title='bbox 1256 1723 1462 1795; x_wconf 80' lang='lat' dir='ltr'>numquam</span> 
     </span>
     <span class='ocr_line' id='line_1_10' title="bbox 461 1826 1464 1928; baseline -0.005 -21"><span class='ocrx_word' id='word_1_57' title='bbox 461 1834 598 1928; x_wconf 84' lang='lat' dir='ltr'>Terra,</span> <span class='ocrx_word' id='word_1_58' title='bbox 615 1829 717 1925; x_wconf 81' lang='lat' dir='ltr'>vale,</span> <span class='ocrx_word' id='word_1_59' title='bbox 734 1826 818 1902; x_wconf 80' lang='lat' dir='ltr'>dixi</span> <span class='ocrx_word' id='word_1_60' title='bbox 837 1853 845 1899; x_wconf 93' lang='lat'><strong>:</strong></span> <span class='ocrx_word' id='word_1_61' title='bbox 864 1849 1078 1922; x_wconf 83' lang='lat' dir='ltr'>corpusque</span> <span class='ocrx_word' id='word_1_62' title='bbox 1091 1827 1162 1898; x_wconf 77' lang='lat' dir='ltr'>sub</span> <span class='ocrx_word' id='word_1_63' title='bbox 1176 1851 1329 1924; x_wconf 77' lang='lat' dir='ltr'>aequora</span> <span class='ocrx_word' id='word_1_64' title='bbox 1344 1829 1464 1902; x_wconf 84' lang='lat' dir='ltr'>mersi.</span> 
     </span>
     <span class='ocr_line' id='line_1_11' title="bbox 459 1953 1557 2060; baseline -0.007 -22"><span class='ocrx_word' id='word_1_65' title='bbox 459 1958 857 2054; x_wconf 75' lang='lat' dir='ltr'>otmamexceptum</span> <span class='ocrx_word' id='word_1_66' title='bbox 872 1955 973 2028; x_wconf 84' lang='lat' dir='ltr'>socio</span> <span class='ocrx_word' id='word_1_67' title='bbox 985 1953 1192 2052; x_wconf 86' lang='lat' dir='ltr'>dignantur</span> <span class='ocrx_word' id='word_1_68' title='bbox 1203 1957 1368 2055; x_wconf 84' lang='lat' dir='ltr'>honore3</span> <span class='ocrx_word' id='word_1_69' title='bbox 1553 2049 1557 2060; x_wconf 19' lang='grc' dir='ltr'><strong>Δ</strong></span> 
     </span>
     <span class='ocr_line' id='line_1_12' title="bbox 458 2081 1500 2188; baseline -0.009 -24"><span class='ocrx_word' id='word_1_70' title='bbox 458 2091 586 2188; x_wconf 89' lang='lat' dir='ltr'>thue</span> <span class='ocrx_word' id='word_1_71' title='bbox 597 2087 716 2185; x_wconf 89' lang='lat' dir='ltr'>mihi,</span> <span class='ocrx_word' id='word_1_72' title='bbox 732 2107 985 2184; x_wconf 74' lang='lat' dir='ltr'>quaecumque</span> <span class='ocrx_word' id='word_1_73' title='bbox 996 2081 1136 2177; x_wconf 81' lang='lat' dir='ltr'>feram,</span> <span class='ocrx_word' id='word_1_74' title='bbox 1153 2084 1326 2158; x_wconf 81' lang='lat' dir='ltr'>mortalia</span> <span class='ocrx_word' id='word_1_75' title='bbox 1339 2085 1500 2178; x_wconf 88' lang='lat' dir='ltr'>demant,</span> 
     </span>
     <span class='ocr_line' id='line_1_13' title="bbox 458 2215 1473 2315; baseline -0.012 -13"><span class='ocrx_word' id='word_1_76' title='bbox 458 2229 654 2302; x_wconf 80' lang='lat' dir='ltr'>Oceanum</span> <span class='ocrx_word' id='word_1_77' title='bbox 667 2217 897 2315; x_wconf 77' lang='lat' dir='ltr'>Tethynque</span> <span class='ocrx_word' id='word_1_78' title='bbox 913 2228 1056 2313; x_wconf 82' lang='lat' dir='ltr'>rogant.</span> <span class='ocrx_word' id='word_1_79' title='bbox 1076 2215 1152 2314; x_wconf 86' lang='lat' dir='ltr'>Ego</span> <span class='ocrx_word' id='word_1_80' title='bbox 1167 2215 1308 2292; x_wconf 83' lang='lat' dir='ltr'>lustror</span> <span class='ocrx_word' id='word_1_81' title='bbox 1324 2217 1371 2290; x_wconf 87' lang='lat' dir='ltr'>ab</span> <span class='ocrx_word' id='word_1_82' title='bbox 1385 2217 1473 2312; x_wconf 85' lang='lat' dir='ltr'>illis;</span> 
     </span>
    </p>

    <p class='ocr_par' dir='ltr' id='par_1_7' title="bbox 455 2343 1438 2576">
     <span class='ocr_line' id='line_1_14' title="bbox 455 2343 1438 2451; baseline -0.005 -25"><span class='ocrx_word' id='word_1_83' title='bbox 455 2353 520 2451; x_wconf 87' lang='lat' dir='ltr'>Et,</span> <span class='ocrx_word' id='word_1_84' title='bbox 534 2359 718 2450; x_wconf 81' lang='lat' dir='ltr'>purgante</span> <span class='ocrx_word' id='word_1_85' title='bbox 730 2343 834 2422; x_wconf 83' lang='lat' dir='ltr'>nefas</span> <span class='ocrx_word' id='word_1_86' title='bbox 847 2346 981 2420; x_wconf 86' lang='lat' dir='ltr'>novies</span> <span class='ocrx_word' id='word_1_87' title='bbox 997 2352 1008 2382; x_wconf 88' lang='lat'><strong>¹</strong></span> <span class='ocrx_word' id='word_1_88' title='bbox 1025 2345 1125 2420; x_wconf 89' lang='lat' dir='ltr'>mihi</span> <span class='ocrx_word' id='word_1_89' title='bbox 1138 2347 1307 2420; x_wconf 80' lang='lat' dir='ltr'>carmine</span> <span class='ocrx_word' id='word_1_90' title='bbox 1321 2345 1438 2448; x_wconf 85' lang='lat' dir='ltr'>dicto,</span> 
     </span>
     <span class='ocr_line' id='line_1_15' title="bbox 455 2477 1406 2576; baseline -0.002 -18"><span class='ocrx_word' id='word_1_91' title='bbox 455 2483 611 2558; x_wconf 83' lang='lat' dir='ltr'>Pectora</span> <span class='ocrx_word' id='word_1_92' title='bbox 624 2477 852 2556; x_wconf 83' lang='lat' dir='ltr'>fluminibus</span> <span class='ocrx_word' id='word_1_93' title='bbox 864 2477 999 2573; x_wconf 88' lang='lat' dir='ltr'>jubeor</span> <span class='ocrx_word' id='word_1_94' title='bbox 1011 2503 1224 2576; x_wconf 83' lang='lat' dir='ltr'>supponere</span> <span class='ocrx_word' id='word_1_95' title='bbox 1236 2490 1406 2556; x_wconf 86' lang='lat' dir='ltr'>centum.</span> 
     </span>
    </p>

    <p class='ocr_par' dir='ltr' id='par_1_8' title="bbox 437 2604 1467 3236">
     <span class='ocr_line' id='line_1_16' title="bbox 437 2604 1363 2712; baseline -0.006 -18"><span class='ocrx_word' id='word_1_96' title='bbox 437 2623 440 2628; x_wconf 76' lang='grc'><em>“</em></span> <span class='ocrx_word' id='word_1_97' title='bbox 455 2619 532 2694; x_wconf 87' lang='lat' dir='ltr'>Nec</span> <span class='ocrx_word' id='word_1_98' title='bbox 543 2604 651 2693; x_wconf 76' lang='lat' dir='ltr'>moia</span> <span class='ocrx_word' id='word_1_99' title='bbox 667 2643 675 2690; x_wconf 90' lang='lat'>:</span> <span class='ocrx_word' id='word_1_100' title='bbox 690 2611 852 2688; x_wconf 83' lang='lat' dir='ltr'>diversis</span> <span class='ocrx_word' id='word_1_101' title='bbox 865 2611 960 2710; x_wconf 89' lang='lat' dir='ltr'>lapsi</span> <span class='ocrx_word' id='word_1_102' title='bbox 973 2613 1021 2687; x_wconf 92' lang='lat' dir='ltr'>de</span> <span class='ocrx_word' id='word_1_103' title='bbox 1033 2611 1204 2688; x_wconf 85' lang='lat' dir='ltr'>fontibus</span> <span class='ocrx_word' id='word_1_104' title='bbox 1215 2641 1363 2712; x_wconf 86' lang='lat' dir='ltr'>amnes,</span> 
     </span>
     <span class='ocr_line' id='line_1_17' title="bbox 453 2745 1465 2842; baseline -0.004 -22"><span class='ocrx_word' id='word_1_105' title='bbox 453 2745 625 2842; x_wconf 86' lang='lat' dir='ltr'>Totaque</span> <span class='ocrx_word' id='word_1_106' title='bbox 640 2749 848 2834; x_wconf 82' lang='lat' dir='ltr'>vertuntur</span> <span class='ocrx_word' id='word_1_107' title='bbox 860 2765 975 2837; x_wconf 82' lang='lat' dir='ltr'>supra</span> <span class='ocrx_word' id='word_1_108' title='bbox 990 2753 1104 2838; x_wconf 84' lang='lat' dir='ltr'>caput</span> <span class='ocrx_word' id='word_1_109' title='bbox 1115 2766 1269 2839; x_wconf 85' lang='lat' dir='ltr'>aequora</span> <span class='ocrx_word' id='word_1_110' title='bbox 1282 2753 1465 2818; x_wconf 84' lang='lat' dir='ltr'>nostrum.</span> 
     </span>
     <span class='ocr_line' id='line_1_18' title="bbox 453 2869 1442 2972; baseline 0 -22"><span class='ocrx_word' id='word_1_111' title='bbox 453 2879 644 2956; x_wconf 78' lang='lat' dir='ltr'>Hactenus</span> <span class='ocrx_word' id='word_1_112' title='bbox 656 2883 736 2946; x_wconf 84' lang='lat' dir='ltr'>acta</span> <span class='ocrx_word' id='word_1_113' title='bbox 752 2869 852 2944; x_wconf 91' lang='lat' dir='ltr'>mihi</span> <span class='ocrx_word' id='word_1_114' title='bbox 864 2897 1018 2968; x_wconf 84' lang='lat' dir='ltr'>possum</span> <span class='ocrx_word' id='word_1_115' title='bbox 1030 2875 1273 2950; x_wconf 86' lang='lat' dir='ltr'>memoranda</span> <span class='ocrx_word' id='word_1_116' title='bbox 1285 2875 1442 2972; x_wconf 80' lang='lat' dir='ltr'>referre3</span> 
     </span>
     <span class='ocr_line' id='line_1_19' title="bbox 452 3000 1467 3082; baseline -0.004 0"><span class='ocrx_word' id='word_1_117' title='bbox 452 3007 643 3082; x_wconf 74' lang='lat' dir='ltr'>Hactenus</span> <span class='ocrx_word' id='word_1_118' title='bbox 656 3013 693 3074; x_wconf 90' lang='lat' dir='ltr'>et</span> <span class='ocrx_word' id='word_1_119' title='bbox 704 3000 864 3076; x_wconf 86' lang='lat' dir='ltr'>memini</span> <span class='ocrx_word' id='word_1_120' title='bbox 877 3029 884 3075; x_wconf 94' lang='lat'>:</span> <span class='ocrx_word' id='word_1_121' title='bbox 900 3027 970 3076; x_wconf 88' lang='lat' dir='ltr'>nec</span> <span class='ocrx_word' id='word_1_122' title='bbox 983 3029 1090 3078; x_wconf 86' lang='lat' dir='ltr'>mens</span> <span class='ocrx_word' id='word_1_123' title='bbox 1104 3029 1186 3080; x_wconf 86' lang='lat' dir='ltr'>mea</span> <span class='ocrx_word' id='word_1_124' title='bbox 1198 3018 1330 3080; x_wconf 77' lang='lat' dir='ltr'>caetera</span> <span class='ocrx_word' id='word_1_125' title='bbox 1343 3006 1467 3080; x_wconf 84' lang='lat' dir='ltr'>sensit.</span> 
     </span>
     <span class='ocr_line' id='line_1_20' title="bbox 451 3132 1413 3236; baseline -0.005 -23"><span class='ocrx_word' id='word_1_126' title='bbox 451 3139 550 3228; x_wconf 80' lang='lat' dir='ltr'>Quae</span> <span class='ocrx_word' id='word_1_127' title='bbox 560 3145 645 3234; x_wconf 81' lang='lat' dir='ltr'>post</span> <span class='ocrx_word' id='word_1_128' title='bbox 657 3132 773 3231; x_wconf 74' lang='lat' dir='ltr'>quiun</span> <span class='ocrx_word' id='word_1_129' title='bbox 786 3132 917 3232; x_wconf 89' lang='lat' dir='ltr'>rediit,</span> <span class='ocrx_word' id='word_1_130' title='bbox 936 3135 1056 3211; x_wconf 86' lang='lat' dir='ltr'>alium</span> <span class='ocrx_word' id='word_1_131' title='bbox 1069 3163 1131 3211; x_wconf 89' lang='lat' dir='ltr'>me</span> <span class='ocrx_word' id='word_1_132' title='bbox 1143 3163 1300 3236; x_wconf 89' lang='lat' dir='ltr'>corpore</span> <span class='ocrx_word' id='word_1_133' title='bbox 1314 3147 1413 3232; x_wconf 87' lang='lat' dir='ltr'>toto,</span> 
     </span>
    </p>

    <p class='ocr_par' dir='ltr' id='par_1_9' title="bbox 452 3267 1515 3892">
     <span class='ocr_line' id='line_1_21' title="bbox 452 3267 1421 3366; baseline -0.008 -18"><span class='ocrx_word' id='word_1_134' title='bbox 452 3273 507 3348; x_wconf 87' lang='lat' dir='ltr'>Ac</span> <span class='ocrx_word' id='word_1_135' title='bbox 519 3269 666 3346; x_wconf 84' lang='lat' dir='ltr'>fueram</span> <span class='ocrx_word' id='word_1_136' title='bbox 680 3292 824 3366; x_wconf 87' lang='lat' dir='ltr'>nuper,</span> <span class='ocrx_word' id='word_1_137' title='bbox 842 3293 913 3342; x_wconf 89' lang='lat' dir='ltr'>nec</span> <span class='ocrx_word' id='word_1_138' title='bbox 930 3269 1106 3344; x_wconf 89' lang='lat' dir='ltr'>cumdem</span> <span class='ocrx_word' id='word_1_139' title='bbox 1118 3282 1265 3364; x_wconf 90' lang='lat' dir='ltr'>mente,</span> <span class='ocrx_word' id='word_1_140' title='bbox 1285 3267 1421 3365; x_wconf 86' lang='lat' dir='ltr'>recepi.</span> 
     </span>
     <span class='ocr_line' id='line_1_22' title="bbox 454 3399 1485 3498; baseline -0.006 -20"><span class='ocrx_word' id='word_1_141' title='bbox 454 3399 561 3478; x_wconf 80' lang='lat' dir='ltr'>Hanc</span> <span class='ocrx_word' id='word_1_142' title='bbox 574 3425 640 3498; x_wconf 83' lang='lat' dir='ltr'>ego</span> <span class='ocrx_word' id='word_1_143' title='bbox 651 3410 737 3473; x_wconf 86' lang='lat' dir='ltr'>tum</span> <span class='ocrx_word' id='word_1_144' title='bbox 749 3399 921 3498; x_wconf 80' lang='lat' dir='ltr'>primum</span> <span class='ocrx_word' id='word_1_145' title='bbox 934 3401 1100 3475; x_wconf 79' lang='lat' dir='ltr'>viridem</span> <span class='ocrx_word' id='word_1_146' title='bbox 1116 3399 1307 3498; x_wconf 78' lang='lat' dir='ltr'>ferrugine</span> <span class='ocrx_word' id='word_1_147' title='bbox 1319 3401 1485 3494; x_wconf 84' lang='lat' dir='ltr'>barbam,</span> 
     </span>
     <span class='ocr_line' id='line_1_23' title="bbox 454 3528 1515 3628; baseline -0.005 -24"><span class='ocrx_word' id='word_1_148' title='bbox 454 3528 726 3625; x_wconf 79' lang='lat' dir='ltr'>Caesariemque</span> <span class='ocrx_word' id='word_1_149' title='bbox 739 3553 882 3624; x_wconf 84' lang='lat' dir='ltr'>meam,</span> <span class='ocrx_word' id='word_1_150' title='bbox 899 3555 1014 3626; x_wconf 81' lang='lat' dir='ltr'>quarn</span> <span class='ocrx_word' id='word_1_151' title='bbox 1027 3530 1137 3628; x_wconf 84' lang='lat' dir='ltr'>longa</span> <span class='ocrx_word' id='word_1_152' title='bbox 1149 3555 1219 3628; x_wconf 87' lang='lat' dir='ltr'>per</span> <span class='ocrx_word' id='word_1_153' title='bbox 1231 3553 1384 3626; x_wconf 86' lang='lat' dir='ltr'>aequora</span> <span class='ocrx_word' id='word_1_154' title='bbox 1395 3551 1515 3614; x_wconf 80' lang='lat' dir='ltr'>verro,</span> 
     </span>
     <span class='ocr_line' id='line_1_24' title="bbox 454 3657 1406 3762; baseline -0.009 -22"><span class='ocrx_word' id='word_1_155' title='bbox 454 3663 702 3762; x_wconf 87' lang='lat' dir='ltr'>Ingentesque</span> <span class='ocrx_word' id='word_1_156' title='bbox 717 3659 917 3758; x_wconf 81' lang='lat' dir='ltr'>humeros,</span> <span class='ocrx_word' id='word_1_157' title='bbox 933 3675 970 3734; x_wconf 88' lang='lat' dir='ltr'>et</span> <span class='ocrx_word' id='word_1_158' title='bbox 987 3661 1124 3736; x_wconf 84' lang='lat' dir='ltr'>caerula</span> <span class='ocrx_word' id='word_1_159' title='bbox 1139 3659 1293 3735; x_wconf 89' lang='lat' dir='ltr'>brachia</span> <span class='ocrx_word' id='word_1_160' title='bbox 1304 3657 1406 3756; x_wconf 81' lang='lat' dir='ltr'>vidi,</span> 
     </span>
     <span class='ocr_line' id='line_1_25' title="bbox 454 3791 1373 3892; baseline -0.004 -22"><span class='ocrx_word' id='word_1_161' title='bbox 454 3795 650 3892; x_wconf 86' lang='lat' dir='ltr'>Cruraque</span> <span class='ocrx_word' id='word_1_162' title='bbox 661 3791 861 3892; x_wconf 84' lang='lat' dir='ltr'>pinnigero</span> <span class='ocrx_word' id='word_1_163' title='bbox 874 3807 1029 3868; x_wconf 86' lang='lat' dir='ltr'>curvata</span> <span class='ocrx_word' id='word_1_164' title='bbox 1041 3795 1247 3870; x_wconf 85' lang='lat' dir='ltr'>novissima</span> <span class='ocrx_word' id='word_1_165' title='bbox 1258 3795 1373 3892; x_wconf 88' lang='lat' dir='ltr'>pisce.</span> 
     </span>
    </p>
   </div>
   <div class='ocr_carea' id='block_1_3' title="bbox 452 3971 1479 4152">
    <p class='ocr_par' dir='ltr' id='par_1_10' title="bbox 452 3971 1479 4152">
     <span class='ocr_line' id='line_1_26' title="bbox 493 3971 1479 4056; baseline -0.003 -26"><span class='ocrx_word' id='word_1_166' title='bbox 493 3978 501 4006; x_wconf 94' lang='lat'><strong>¹</strong></span> <span class='ocrx_word' id='word_1_167' title='bbox 520 3971 697 4030; x_wconf 85' lang='lat' dir='ltr'>Lenombra</span> <span class='ocrx_word' id='word_1_168' title='bbox 707 3973 782 4031; x_wconf 74' lang='lat' dir='ltr'>neus</span> <span class='ocrx_word' id='word_1_169' title='bbox 786 3971 857 4031; x_wconf 73' lang='lat' dir='ltr'>etait</span> <span class='ocrx_word' id='word_1_170' title='bbox 866 3994 908 4032; x_wconf 87' lang='lat' dir='ltr'>un</span> <span class='ocrx_word' id='word_1_171' title='bbox 918 3975 1041 4036; x_wconf 86' lang='lat' dir='ltr'>nombre</span> <span class='ocrx_word' id='word_1_172' title='bbox 1049 3975 1298 4056; x_wconf 74' lang='lat' dir='ltr'>mystique,selon</span> <span class='ocrx_word' id='word_1_173' title='bbox 1307 3975 1335 4032; x_wconf 82' lang='lat' dir='ltr'>lu</span> <span class='ocrx_word' id='word_1_174' title='bbox 1343 3989 1479 4052; x_wconf 73' lang='lat' dir='ltr'>croyaucc</span> 
     </span>
     <span class='ocr_line' id='line_1_27' title="bbox 452 4065 917 4152; baseline -0.002 -22"><span class='ocrx_word' id='word_1_175' title='bbox 452 4065 672 4147; x_wconf 78' lang='lat' dir='ltr'>superstitieute</span> <span class='ocrx_word' id='word_1_176' title='bbox 683 4069 725 4133; x_wconf 87' lang='lat' dir='ltr'>du</span> <span class='ocrx_word' id='word_1_177' title='bbox 736 4070 917 4152; x_wconf 80' lang='lat' dir='ltr'>Pagauisme.</span> 
     </span>
    </p>
   </div>
   <div class='ocr_carea' id='block_1_4' title="bbox 0 0 1594 5350">
    <p class='ocr_par' dir='ltr' id='par_1_11' title="bbox 0 0 1594 5350">
     <span class='ocr_line' id='line_1_28' title="bbox 0 0 1594 5350; baseline 0 3"><span class='ocrx_word' id='word_1_178' title='bbox 0 0 1594 5350; x_wconf 95' lang='lat' dir='ltr'> </span> 
     </span>
    </p>
   </div>
  </div>
 </body>
</html>
