3216 5344
402 602 450 676 et
498 579 604 674 ¹uus
632 567 1350 692 utrruournosrs'n2'ov1us,'
1440 571 1454 620 ⁴

448 763 609 840 Praemia
621 787 755 860 magna
771 759 848 858 peti
861 757 995 855 fateor3
1013 757 1076 832 sed
1093 757 1213 878 demit
1225 757 1411 838 honorem

399 893 577 968 AEmulus
590 892 706 989 Ajaci.
724 889 811 966 Non
824 901 879 963 est
894 889 1060 963 tenuisse
1076 892 1303 990 superbum,

267 1055 274 1066 ·
400 1025 458 1100 Sit
471 1024 558 1098 licet
574 1024 647 1098 hoc
662 1024 812 1121 ingens,
831 1019 1014 1120 quicquid
1030 1023 1193 1119 speravit
1205 1023 1368 1122 Ulysses.

398 1158 475 1234 Iste
489 1158 581 1232 tulit
595 1157 763 1256 pretium
777 1157 854 1254 jam
870 1181 976 1231 nunc
989 1157 1203 1232 certaminis
1218 1157 1355 1255 hujus,

376 1373 385 1388 p
401 1291 508 1386 Quo,
523 1289 612 1362 ciam
625 1287 750 1363 victus
763 1287 852 1385 erit,
870 1293 1022 1362 metum
1035 1299 1191 1362 certasse
1206 1287 1362 1363 feretur.

449 1423 574 1519 Atque
590 1445 675 1518 ego,
694 1419 726 1492 si
739 1418 862 1492 virtus
878 1418 921 1492 in
934 1443 996 1492 me
1009 1417 1228 1492 dubitabilis
1244 1428 1369 1518 esset‚·

397 1549 601 1630 Nobilitate
613 1560 746 1647 potens
762 1571 898 1644 essem,
914 1545 1118 1622 Telamone
1133 1559 1295 1643 omnis,
1423 1556 1426 1573 ⁸

383 1669 386 1680 ¹
399 1680 543 1756 Moenia
558 1679 627 1777 qui
643 1678 734 1752 forti
747 1667 910 1773 Trojano
926 1679 998 1751 sub
1011 1677 1173 1752 Hercule
1190 1679 1306 1778 oepit3

399 1809 602 1906 Litoraque
617 1809 778 1882 intravit
790 1807 956 1906 Pagasaed
970 1808 1108 1882 Colcha
1121 1810 1259 1886 carini.

277 2018 284 2043 ι
400 1944 535 2018 AEacus
547 1941 642 2016 huic
653 1953 760 2040 pater
773 1954 828 2014 est
843 1969 852 2014 :
869 1941 938 2038 qui
953 1942 1038 2038 jura
1053 1941 1251 2016 silentibus
1267 1941 1345 2016 illic

399 2068 557 2166 Reddit,
575 2067 645 2142 ubi
655 2065 834 2160 AEoliden
846 2093 982 2142 saxum
994 2051 1105 2164 graue
1119 2068 1309 2166 Sisyphon
1322 2077 1441 2165 urget.

399 2197 542 2272 AEacon
557 2191 722 2290 agnoscit
734 2217 928 2291 summus,
945 2194 1166 2294 prolemque
1178 2195 1317 2272 fatetur

400 2324 576 2424 luppiter
588 2349 665 2397 esse
679 2349 786 2397 suam
803 2352 811 2397 :
828 2327 881 2398 sic
896 2325 944 2398 ab
956 2325 1050 2400 love
1063 2327 1197 2401 tertius
1209 2327 1318 2427 Ajar,

449 2457 526 2532 Nec
543 2467 670 2530 tamur
685 2453 767 2529 haec
783 2455 894 2529 series
909 2455 954 2528 in
967 2456 1077 2530 causat
1089 2458 1227 2556 prosit,
1245 2457 1404 2556 Achivi,
1432 2479 1435 2486 ⁴

401 2587 441 2662 Si
455 2587 555 2662 mihi
570 2613 658 2662 cum
673 2612 807 2685 magno
820 2613 900 2660 non
912 2599 967 2661 est
979 2589 1193 2664 communis
1209 2589 1367 2666 Achille.

401 2717 529 2792 Frater
545 2731 624 2792 erat
640 2725 649 2755 ¹
664 2747 673 2792 τ
688 2717 851 2791 fraterna
863 2729 962 2816 peto.
982 2718 1085 2806 Quid
1101 2720 1280 2818 sangiune
1295 2731 1419 2794 cretus
1446 2714 1451 2725 ⁸

401 2843 579 2943 Sisyphio
593 2851 627 2941 ²,
645 2842 833 2941 furtisque
846 2856 883 2918 et
895 2844 1028 2920 fraude
1042 2847 1257 2922 simillimus
1269 2848 1343 2947 illi,

401 2971 540 3048 Inserit
555 2968 718 3046 AEacidis
731 2969 862 3044 alienae
877 2971 1035 3046 nomina
1050 2975 1193 3071 gentis?

450 3103 512 3177 An
525 3103 627 3202 quod
638 3103 685 3184 ,in
698 3129 802 3176 arma
814 3103 939 3202 prior3
954 3106 1138 3204 nulloque
1151 3109 1222 3182 sub
1238 3107 1365 3184 indice
1379 3111 1468 3186 veni
1476 3171 1490 3214 ,⁸

401 3231 517 3306 Arma
529 3230 697 3329 neganda
710 3231 834 3308 mihi?
849 3235 1049 3332 potiorque
1065 3225 1260 3316 videbitur
1275 3242 1357 3342 ille,

401 3361 543 3438 Ultima
555 3357 759 3463 quicepit?
773 3361 1069 3465 detrectavitque
1084 3367 1213 3444 surore
1236 3385 1238 3392 “
1363 3355 1381 3467 ‚¹

1362 3476 1369 3514 Ι

378 3637 381 3644 ,
444 3597 454 3628 ²
478 3595 554 3656 Clusa
567 3598 608 3658 lea
621 3597 761 3656 Romaim
771 3599 813 3657 les
823 3596 869 3658 fils
880 3600 917 3659 de
927 3599 1007 3660 deux
1015 3601 1108 3663 freres
1120 3605 1237 3664 avaient
1248 3607 1432 3667 eux-rutinae
1449 3609 1456 3626 ’

399 3692 426 3750 le
437 3712 508 3752 nom
517 3696 554 3752 de
565 3696 667 3753 ireres.
680 3699 797 3754 Fratm
800 3701 963 3774 patrueles.

443 3813 457 3844 ¹
478 3811 575 3884 Aiax,
595 3831 675 3888 pour
694 3813 781 3870 avilir
802 3834 856 3872 son
875 3815 1064 3890 adversaire,
1085 3819 1194 3896 adepte
1213 3839 1273 3879 une
1292 3821 1434 3906 tradition

400 3908 581 3985 injuriatore,
595 3922 624 3966 et
638 3927 768 3986 suppose
780 3913 980 3988 qu‘Anticlte‚
997 3918 1066 3993 pres
1080 3919 1237 3995 d'e'pouser
1249 3922 1373 3992 Laerta,
1387 3923 1435 3981 lut

399 4007 517 4068 esteves
527 4024 584 4086 par
592 4007 735 4086 Sisyphe,
748 4021 847 4106 etque
859 4031 891 4072 ee
901 4013 1028 4094 brigand
1040 4017 1086 4076 tut
1098 4017 1124 4074 le
1134 4015 1205 4094 pere
1215 4016 1364 4095 d'Ulyue:
1452 4019 1457 4031 '
