3170 5366
412 615 483 692 264
526 635 611 690 nas
640 605 1084 692 uirtuouruosns
1112 634 1343 714 n’ovtna,

408 751 615 876 AEneaeque
627 804 731 876 meo,
747 777 866 876 quite
882 775 929 850 de
946 777 1127 876 sanguine
1143 790 1273 854 nostro

408 903 509 1018 Fecit
525 929 661 1002 avum,
678 905 853 1002 quamvis
867 931 1047 1004 parvum,
1063 904 1148 1004 des,
1163 908 1327 1006 optime,
1342 929 1506 1002 numen3

406 1035 626 1110 Dummodo
639 1037 704 1112 des
717 1037 884 1136 aliquod
903 1038 997 1111 Satis
1011 1052 1065 1112 est
1078 1039 1280 1116 inamabile
1292 1065 1461 1140 regnum

405 1164 606 1263 Aspexisse
622 1167 755 1258 semel,
776 1167 920 1264 Stygios
933 1166 1048 1240 semel
1061 1166 1133 1240 isse
1148 1193 1217 1266 per
1229 1193 1374 1244 amnes.

454 1296 654 1372 Assenstre
670 1299 741 1372 Dei
762 1327 771 1374 :
790 1323 861 1371 nee
873 1300 1017 1394 conjux
1031 1299 1130 1396 regin
1141 1299 1274 1372 vultus
1330 1339 1335 1344 ·

406 1426 586 1502 Immotos
603 1429 745 1528 tenui13
762 1427 981 1528 placatoque
994 1430 1133 1503 annuit
1145 1455 1222 1505 ore.

405 1557 506 1634 Tum
521 1571 644 1658 pater,
659 1560 774 1658 Estis,
789 1561 861 1656 ait,
878 1560 1019 1636 coelesti
1033 1587 1193 1636 munere
1205 1561 1330 1660 digni,

405 1689 541 1786 Quaeq3
549 1689 658 1787 petis,
668 1716 738 1787 pro
748 1689 968 1787 quoq3petis
980 1719 988 1763 :
998 1701 1226 1788 cape,gnata,
1237 1687 1341 1787 quod
1350 1697 1471 1786 optas.

404 1817 517 1890 Fatus
533 1829 624 1891 erat.
641 1816 806 1916 Gaudet,
825 1829 1018 1918 gratesque
1031 1820 1105 1917 agit
1118 1819 1184 1894 illa
1197 1821 1365 1920 parenti3

405 1949 552 2046 Perque
564 1949 666 2022 leves
682 1975 812 2048 auras,
830 1949 971 2044 junctis
984 1949 1135 2026 invecta
1148 1949 1353 2046 columbis,

403 2082 513 2158 Litus
525 2082 604 2158 adit
620 2083 806 2181 Laurens,
822 2084 911 2180 ubi,
927 2095 1048 2160 tectus
1061 2085 1267 2184 arundine,
1282 2084 1402 2182 serpit

404 2211 451 2284 ln
464 2209 559 2284 freta
571 2209 765 2284 flumineis
779 2212 907 2287 vicina
919 2213 1120 2288 Numicius
1135 2215 1252 2288 undis
1268 2221 1293 2290 ¹.

403 2335 519 2412 Hunc
531 2339 659 2438 jubet,
677 2339 808 2414 AEneae
821 2366 1072 2440 quaecumque
1085 2343 1251 2418 obnoxia
1264 2343 1400 2442 morti,

405 2472 592 2570 Abluere3
610 2485 648 2547 ct
659 2475 773 2547 tacito
791 2473 937 2548 deferre
953 2475 1025 2548 sub
1039 2500 1192 2572 aequora
1206 2501 1334 2549 cursu.

404 2601 585 2700 Corniger
601 2603 824 2701 exsequitur
836 2603 995 2678 Veneris
1008 2603 1185 2679 mundata
1205 2633 1213 2678 z
1232 2603 1410 2702 suisque,

405 2729 599 2829 Quicquid
614 2732 657 2805 in
673 2731 794 2805 AEnett
810 2731 933 2804 fuerat
947 2731 1123 2826 mortale,
1143 2743 1338 2828 repurgat,

403 2865 452 2938 Et
466 2865 664 2962 respergit,
683 2863 816 2960 aquis:
835 2889 922 2962 pars
939 2863 1082 2962 optimu
1094 2863 1232 2938 restitit
1246 2863 1316 2938 illi.

283 2995 285 3004 ’
403 2992 626 3068 Lustratum
637 2992 804 3089 genitrix
815 2991 951 3068 divino
968 3019 1104 3092 corpus
1120 2992 1237 3066 odore

404 3124 548 3223 Unxit‚
566 3138 606 3198 et
618 3125 805 3200 ambrosii
817 3152 906 3200 cum
922 3125 1026 3200 dulci
1039 3138 1187 3200 nectare
1196 3123 1345 3200 mixta·

405 3255 569 3354 Contigit
584 3280 645 3350 os,
663 3253 828 3351 fecitque
843 3257 970 3332 Deum
988 3285 995 3331 :
1012 3283 1127 3355 quem
1140 3257 1252 3334 turba
1267 3256 1427 3344 Quirini

404 3392 437 3465 N
439 3399 608 3487 uncupat
623 3385 855 3487 Indigetem,
869 3389 1087 3488 temploque
1100 3389 1249 3487 arisque
1264 3388 1419 3486 recepit.

448 3611 457 3638 ¹
480 3603 632 3662 Numicius
634 3603 750 3679 fluvius
762 3617 806 3662 est
816 3606 913 3675 Latii,
928 3606 978 3681 qui
990 3617 1019 3662 et
1032 3605 1172 3660 Nunu'cus
1183 3604 1304 3673 dicitur,
1316 3605 1349 3659 in
1358 3621 1445 3678 quem

405 3703 470 3758 etim
483 3703 634 3760 cecidisset
641 3701 772 3772 AEneas,
784 3722 878 3779 neque
888 3705 1017 3762 iuventus
1027 3715 1112 3774 esset,
1123 3701 1338 3760 maturescit
1348 3701 1446 3758 Deum

403 3801 558 3874 indigetem
559 3800 658 3872 fuisse
670 3815 870 3858 cosummatus.

447 3904 460 3933 ¹
486 3901 525 3956 Ut
534 3899 680 3956 ambrosia
687 3921 744 3975 pro
752 3904 881 3958 Deorum
892 3903 955 3959 cibo
959 3901 1092 3978 ponitur,
1104 3900 1147 3957 iat
1159 3912 1319 3974 nectarpro
1331 3917 1446 3954 eorum·

404 4001 472 4054 dem
490 3997 663 4054 suavusimd
673 4001 808 4075 potione.
834 4001 998 4060 Ambrosia·
1019 4011 1118 4057 autem
1139 4017 1239 4056 succus
1258 3998 1289 4052 in
1309 3994 1451 4052 hocloco

406 4095 610 4156 immortalitas
622 4098 832 4176 iuterpretatur.
