3170 5366
446 567 519 648 528
566 585 651 644 uus
679 557 1118 644 udrsnouruosus
1149 585 1375 665 novior,

445 730 557 806 Nube
567 725 680 826 vehi,
696 725 892 825 validique
904 723 1077 800 humeris
1089 726 1264 802 insistere
1280 727 1467 826 Atlantis5
1569 719 1570 726 ἵ

444 859 692 960 Palantesque
703 857 849 933 animos
862 855 1020 956 passim,
1039 882 1082 932 uc
1094 858 1254 934 rationis
1268 872 1439 958 egentes,

428 989 668 1086 'Despectare
682 995 690 1025 ¹
706 987 861 1086 procul,
876 985 1138 1086 trepidosque,
1153 989 1379 1098 obitumque
1390 988 1547 1066 timente

443 1119 505 1198 Sic
520 1117 738 1219 exhortari3
753 1117 965 1218 seriemque
981 1117 1158 1196 evolvere
1172 1119 1255 1195 fati.
1276 1138 1278 1148 “

524 1401 528 1410 ,
650 1316 736 1394 111.
766 1318 900 1418 Opinio
915 1317 964 1392 de
978 1317 1283 1417 Metempsycosi.

489 1515 545 1591 0!
565 1538 682 1613 genus
694 1513 900 1588 attonitum
914 1509 1044 1612 gelide
1057 1510 1264 1590 formidine
1275 1510 1431 1587 mortis!

351 1649 360 1656 “
439 1643 544 1734 Quid
553 1643 785 1744 Styga,quid
794 1643 1091 1744 tenebras,quid
1099 1639 1517 1738 nominevamtimetis,

438 1780 636 1854 Materiem
650 1790 803 1878 veum,
818 1779 978 1879 falsique
989 1781 1137 1882 piacula
1148 1779 1315 1856 mundi?

438 1907 605 2004 Corpora
618 1907 699 1980 sive
712 1934 824 2004 rogus
837 1907 1006 2004 flammi,
1025 1935 1093 1982 seu
1107 1911 1193 1982 tube
1205 1889 1372 1982 vetustiss

353 2135 356 2148 ,
412 2039 415 2046 ’
438 2033 668 2131 Abstulerit,
686 2035 785 2108 mala
796 2057 904 2132 posse
919 2033 999 2134 pati
1011 2061 1092 2112 non
1103 2036 1183 2110 ulla
1197 2037 1350 2134 putetis.
1453 2107 1460 2120 ,

437 2163 563 2240 Morte
577 2177 707 2240 carent
718 2166 856 2240 animae
873 2196 881 2240 :
897 2193 1138 2268 semperque,
1155 2168 1283 2271 priore
1295 2167 1453 2244 relicti·

437 2293 557 2395 Sede,
575 2296 688 2372 novis
700 2295 873 2370 habitant
885 2295 1083 2398 domibus,
1097 2299 1316 2398 vivuntque
1328 2312 1497 2399 receptae.

437 2429 524 2528 Ipse
537 2453 620 2527 ego,
638 2451 730 2502 nam
744 2427 922 2527 memini,
937 2428 1094 2526 Trojani
1106 2441 1274 2529 tempore
1287 2429 1377 2504 belli

438 2555 668 2632 Panthoides
682 2557 914 2654 Euphorbus
926 2583 1029 2634 eram
1046 2585 1055 2631 t
1074 2557 1137 2632 cui
1149 2569 1298 2656 pectore
1311 2555 1503 2656 quondum

439 2691 546 2766 Sedit
561 2691 605 2764 in
616 2687 774 2766 adverso
787 2687 911 2788 gravis
925 2687 1032 2763 hasta
1048 2689 1208 2764 minoris
1221 2687 1377 2763 Atride.

438 2821 608 2922 Cognovi
624 2805 820 2922 clypeum,
837 2823 943 2896 laevae
955 2821 1159 2920 gestamina
1170 2833 1309 2896 nostr-n
1318 2879 1330 2920 ,

439 2955 572 3054 Nuper
588 2955 767 3029 Abanteis
783 2953 926 3053 templo
941 2954 1108 3028 Junonis
1118 2956 1161 3028 in
1174 2951 1296 3054 Argis.

487 3085 630 3162 Omnia
643 3083 972 3166 mutanturznihil
985 3085 1129 3160 interit.
1141 3085 1269 3182 Errat,
1285 3096 1322 3160 et
1331 3085 1438 3160 illino

435 3217 523 3292 Huc
535 3215 665 3313 venit,
679 3213 870 3290 hincilluc
879 3247 890 3314 3
906 3228 944 3290 et
957 3216 1145 3314 quoslibet
1154 3228 1311 3314 occupat
1324 3228 1431 3290 artus
1456 3307 1461 3316 Ι

437 3343 602 3444 Spiritus
617 3373 625 3419 :
637 3369 733 3444 eque
745 3343 839 3422 feris
849 3346 1018 3424 humana
1032 3349 1074 3426 in
1089 3375 1246 3456 oorpora
1257 3325 1410 3447 transit,

435 3479 559 3579 Inque
575 3475 672 3552 feres
686 3491 816 3554 noster
833 3509 841 3556 ε
858 3507 929 3554 neo
941 3493 1111 3581 tempore
1126 3479 1274 3582 deperit
1290 3480 1381 3555 ullo.

478 3649 489 3682 ¹
513 3643 657 3702 Deorsdm
670 3665 691 3702 a
701 3648 777 3704 coelo
789 3659 931 3722 pectore.

477 3743 492 3775 ¹
514 3741 681 3820 Pythagore
694 3745 774 3801 nvait
786 3749 928 3823 rapport&
942 3743 1087 3824 d'Egypte
1103 3745 1131 3804 le
1145 3745 1253 3824 dogne
1267 3744 1304 3802 de
1314 3745 1341 3800 le
1352 3745 1475 3800 irreten-

434 3857 620 3916 psycose,ou
629 3839 666 3898 de
674 3842 703 3898 lr
712 3843 956 3922 transmigrationi
964 3845 1017 3902 des
1027 3843 1360 3920 emesd’uucorpsiuu
1368 3851 1471 3898 autre:

434 3937 541 4014 dogne
559 3935 696 4012 rependo
714 3956 822 4004 encore
839 3939 914 4005 durs
932 3941 976 4004 les
987 3941 1094 4015 ludes,
1108 3941 1126 4002 d
1141 3943 1171 4004 ln
1187 3940 1298 4012 chine,
1311 3949 1341 3998 et
1351 3937 1420 3998 cher
1431 3938 1477 3994 ns

434 4033 601 4096 Levantins.
