3216 5344
433 599 437 608 '
492 587 562 664 148
605 572 1409 677 uusuu'r'suonruosusu’ovrun,
1464 595 1467 606 ·

487 751 630 827 Latona
642 748 834 850 quondam
851 749 985 846 stirpes
1001 749 1171 847 pariente
1186 763 1361 827 retentas.

487 879 591 955 Ture
606 877 694 954 dato
707 875 869 952 flammis
878 935 889 974 ,
905 877 1075 974 vinoque
1091 879 1134 950 iu
1147 887 1234 953 ture
1246 879 1420 978 profuso,

486 1015 754 1110 caesorumque
764 1011 883 1084 boum
899 1007 1005 1082 fibris
1018 1007 1066 1081 de
1078 1035 1183 1083 more
1196 1011 1371 1085 crematis
1383 1018 1412 1108 ¹,

397 1151 403 1162 '
486 1144 598 1244 Regia
611 1156 706 1219 tecta
718 1153 854 1242 petunt
872 1171 879 1216 :
895 1141 1084 1240 positique
1096 1132 1283 1240 tapetibus
1299 1144 1385 1218 altis

348 1308 355 1338 ι
484 1276 645 1352 Munera
658 1297 747 1346 eum
759 1268 907 1368 liquido
920 1269 1078 1367 capiunt
1089 1270 1253 1344 Cerealia
1267 1269 1425 1345 Bacaho.

483 1403 586 1478 Tum
599 1403 686 1501 pius
699 1391 881 1476 Anchises
900 1427 908 1473 :
924 1401 978 1476 0!
995 1397 1132 1473 Phoebi
1145 1381 1434 1494 lectesaeerd0s‚

481 1533 687 1608 Fallbr?an
700 1543 737 1604 et
750 1543 902 1628 natum,
917 1531 1006 1604 eum
1022 1529 1193 1628 primum
1207 1529 1289 1604 haee
1301 1531 1441 1604 moenia
1452 1525 1543 1620 vidi,

481 1665 622 1763 Bisque
636 1661 731 1735 duas
744 1673 867 1751 natas,
885 1673 1074 1759 quantum
1086 1662 1328 1762 reminiseor,
1344 1663 1499 1738 habebas
1510 1657 1541 1730 ⁸?

428 1821 433 1834 ·
529 1797 631 1870 Huic
643 1794 783 1892 Anius,
798 1775 922 1896 niveis
936 1793 1167 1869 circumdate
1182 1807 1352 1894 tempora
1367 1795 1469 1872 vittis

480 1925 724 2022 Concutiens,
740 1936 778 1998 et
790 1923 928 2020 tristis,
944 1923 996 1997 ait
1006 1951 1014 1998 :
1024 1924 1110 2000 Non
1126 1923 1283 2022 falleris,
1300 1923 1410 2000 heros

479 2060 645 2136 Maxime
663 2089 671 2134 :
687 2071 865 2134 natorum
878 2056 1010 2131 vidisti
1021 2057 1196 2154 'quinque
1209 2067 1422 2154 parentem,

480 2189 604 2276 Quem
613 2213 730 2284 nunc,
740 2197 843 2292 tantu
850 2185 1162 2288 homiuesrerum
1171 2165 1422 2258 inconstantia
1429 2183 1562 2274 verser,

423 2412 427 2419 Ι
479 2318 589 2412 Paene
602 2317 708 2392 vides
720 2319 859 2392 orbum
869 2344 877 2390 :
888 2315 981 2414 quid
995 2317 1100 2390 euim
1112 2314 1212 2390 mihi
1226 2314 1330 2390 filius
1343 2319 1470 2392 absens

477 2445 653 2520 Auxilii?
667 2471 782 2543 quem
798 2445 896 2522 dicta
910 2471 980 2518 suo
993 2445 1040 2520 de
1057 2445 1213 2519 nomine
1225 2445 1338 2522 tellus

478 2575 627 2650 Andros
636 2559 769 2674 habet,
784 2601 854 2674 pro
867 2586 973 2672 patre
982 2575 1186 2671 locumque
1199 2586 1237 2648 et
1249 2601 1363 2674 regna
1374 2588 1548 2652 tenentem.

475 2709 606 2783 Delius
620 2709 823 2807 augurium
839 2707 945 2782 dedit
957 2707 1050 2782 huic
1068 2737 1076 2781 ε
1092 2706 1198 2782 dedit
1205 2709 1324 2785 altera
1336 2711 1447 2788 Liber

478 2841 678 2916 Foe'mineae
692 2841 785 2913 sorti
799 2853 888 2915 voto
903 2841 1045 2946 majora
1055 2839 1207 2940 fideque

479 2971 639 3044 Munera
656 2999 665 3044 :
683 2995 774 3046 nam
788 2984 890 3046 tactu
906 2984 1082 3048 natarum
1095 2985 1231 3048 cuneta
1245 3000 1419 3052 mearum

480 3103 526 3176 In
540 3114 717 3200 segetem,
735 3102 959 3203 laticemque
975 3107 1091 3204 meri,
1111 3107 1336 3205 beccumque
1348 3109 1514 3182 Minerva
1567 3081 1568 3087 ἵ

366 3258 370 3266 ·
480 3229 863 3310 Transformabantur
879 3263 888 3310 ;
903 3235 1086 3334 divesque
1100 3249 1181 3312 erat
1194 3265 1286 3312 usus
1302 3240 1344 3312 in
1359 3239 1442 3314 illis.
1564 3223 1566 3303 s

524 3477 535 3509 ¹
560 3475 615 3535 Ces
629 3475 767 3534 libutious
779 3488 809 3535 et
822 3497 869 3536 ees
885 3478 1036 3538 offrsudes
1053 3481 1256 3540 caracterisent
1272 3483 1301 3540 la
1314 3483 1391 3558 piet&
1405 3485 1496 3542 runs

481 3585 510 3634 et
522 3571 565 3632 du
577 3575 676 3650 pretre
689 3575 866 3651 d'Apollon‚
880 3577 933 3653 qui
945 3590 1145 3636 commencent
1154 3597 1210 3655 par
1219 3580 1351 3640 honorer
1360 3583 1400 3640 les
1412 3581 1493 3640 diens.
1559 3577 1561 3661 J

482 3674 558 3735 C’est
571 3693 630 3731 une
644 3675 812 3750 expression
825 3677 861 3734 de
874 3697 995 3735 rnoenrs.

521 3791 535 3822 ⁸
555 3787 638 3844 Cette
655 3787 871 3866 interrogation
889 3789 1045 3848 d’Auchise
1065 3791 1188 3862 smine,
1209 3810 1264 3867 pur
1281 3813 1341 3852 une
1358 3791 1494 3856 transitios

482 3883 716 3960 imperceptihle‚
730 3887 759 3943 le
772 3887 1008 3963 metamorphose
1020 3889 1071 3946 des
1082 3885 1154 3948 filies
1166 3890 1291 3948 d'dnius
1304 3911 1342 3948 en
1353 3891 1491 3952 colantes
1555 3909 1556 3949 t

524 3994 613 4060 ³Est
622 4004 796 4062 acclamatio
808 4005 885 4064 senis
892 4007 1030 4082 gravitati
1041 4007 1173 4066 rnuu'ntd
1185 4010 1363 4066 conveniens.
1553 4039 1554 4093 g
