3260 5348
405 621 453 697 54
521 639 605 696 ens
635 606 1079 693 nirsnonrnoses
1110 631 1339 711 moeror,

404 789 576 882 Obrutus
593 781 754 887 immani
765 780 940 876 cumulo,
956 781 1027 854 sub
1042 781 1209 877 pondere
1221 785 1379 858 Ceeneus

404 923 554 996 AEstuat
566 922 722 994 arboreo
740 945 747 990 :
767 925 1011 1012 congestaque
1023 915 1159 989 robora
1171 914 1282 990 dun‘s
1315 949 1317 954 ·

404 1051 491 1126 Fert
503 1047 688 1124 humeris.
706 1045 777 1120 Sed
792 1044 896 1118 enim
909 1054 994 1141 post
1010 1043 1127 1140 quiem
1138 1069 1253 1144 super
1265 1053 1539 1144 orruputque

405 1185 535 1260 Crevit
543 1207 661 1278 onus,
675 1203 801 1278 neque
812 1176 945 1272 hebet,
960 1199 1054 1272 ques
1064 1172 1197 1272 duent,
1211 1173 1368 1274 spiritus
1379 1199 1516 1272 suras,

404 1315 539 1392 Deficit
552 1311 766 1406 interdum
779 1306 894 1382 modo
906 1333 945 1382 se
957 1331 1072 1405 super
1083 1311 1170 1382 aera
1179 1305 1322 1384 from

405 1443 553 1518 Tollere
570 1453 749 1538 conatur,
766 1441 955 1538 janusque
969 1437 1146 1514 evolvere
1157 1435 1290 1536 silves3

405 1572 685 1670 Interdumque
698 1583 851 1646 movet:
866 1568 1006 1666 veluti,
1022 1591 1138 1666 quem
1150 1567 1344 1644 cernimus
1356 1591 1442 1646 eece
1455 1575 1487 1668 ¹,

406 1701 538 1777 Ardua
553 1703 586 1776 si
601 1712 713 1778 terrm
726 1699 919 1798 quatiatur
934 1698 1103 1776 motibus
1115 1697 1194 1774 lde.

405 1835 542 1908 Exitus
558 1835 601 1908 in
616 1831 735 1908 dubio
748 1843 804 1906 est
820 1861 829 1906 ι
843 1831 910 1908 ulii
922 1833 996 1908 sub
1009 1831 1140 1906 inania
1155 1853 1294 1932 eorpus

403 1963 559 2037 Tartara
575 1961 772 2036 detrusum
784 1961 969 2038 silvarum
982 1962 1084 2038 mole
1095 1961 1279 2040 ferebant.

405 2094 554 2170 Abnuit
570 2093 797 2193 Ampycidoe
815 2123 824 2168 :
842 2093 1046 2192 medioque
1059 2119 1109 2184 ex
1122 2115 1249 2193 aggere
1264 2093 1383 2170 fulvis

405 2223 514 2300 Vidit
526 2249 638 2322 ¹nvem
654 2224 793 2324 pennis
807 2223 972 2322 liquidas
987 2224 1093 2299 exire
1105 2225 1178 2298 sub
1191 2247 1322 2324 eurem
1391 2309 1394 2318 ‚

407 2353 909 2452 Quaemihituncprimum‚
924 2364 1536 2456 tuneeetoonspecusupremum.
1560 2387 1566 2396 ·

406 2485 517 2558 Hanc
532 2484 602 2557 ubi
614 2483 840 2560 lustrantem
853 2485 933 2558 leni
949 2511 1017 2560 sue
1031 2496 1150 2562 oestm
1165 2485 1298 2564 volatu

408 2612 582 2710 Mopsus,
598 2623 636 2686 et
651 2611 797 2712 ingenti
807 2613 952 2687 circum
965 2613 1136 2711 clangore
1151 2627 1349 2690 sonantem

410 2740 588 2840 Aspexit,
607 2743 824 2840 pariterque
840 2742 961 2816 oeulis
973 2741 1178 2842 animoque
1192 2751 1363 2842 secutus3'

410 2875 465 2948 0!
483 2873 601 2969 salve,
620 2871 737 2967 dixit,
752 2869 955 2969 Lapithaeae
967 2871 1083 2970 gloria
1096 2871 1223 2970 gentis

409 3001 577 3074 Maxime
589 3000 670 3096 vir,
686 2999 898 3098 quondam,
914 3001 978 3076 sed
988 3003 1184 3076 nuneevis
1193 3002 1307 3077 unica
1318 3009 1345 3102 ¹,
1359 3004 1519 3084 Caeneu.

460 3134 611 3210 Credita
626 3161 686 3210 res
700 3127 853 3209 airetore
866 3161 936 3210 suo
953 3147 1019 3211 eet.
1038 3135 1158 3212 Dolor
1173 3133 1321 3214 addidit
1335 3135 1451 3234 imm3

278 3273 282 3282 '
332 3271 340 3281 “
412 3263 1433 3364 Oppressumqueaegretulimustotnbhostibusunum‚

410 3397 486 3471 Nec
498 3397 606 3494 prius
622 3397 834 3472 abstitimus
847 3398 994 3476 fenum
1010 3423 1185 3474 exercere
1200 3423 1356 3496 nume,

412 3529 537 3615 Quem
550 3527 636 3604 dato
648 3557 733 3630 pars
746 3531 868 3628 letho,
882 3545 1029 3630 purtem
1041 3531 1129 3632 fuga
1141 3557 1296 3630 noxque
1307 3532 1485 3608 removit.

456 3695 466 3722 ¹
492 3692 544 3750 Cet
561 3693 690 3752 edverbo
709 3715 775 3754 ecce
792 3695 906 3772 signilie
922 3713 981 3771 que
1000 3697 1110 3754 Nestor
1127 3705 1245 3754 montre
1262 3695 1306 3753 du
1320 3693 1404 3779 doigt
1422 3695 1449 3753 le

409 3803 495 3849 mont
508 3791 580 3862 Ida,
594 3795 689 3852 voisin
701 3795 744 3852 du
756 3813 842 3869 camp
854 3793 905 3852 des
918 3795 1027 3872 (ξηαπ
1042 3793 1069 3851 le
1081 3793 1140 3852 lieu
1153 3792 1190 3850 de
1203 3793 1232 3852 le
1246 3792 1330 3852 seim
1342 3791 1453 3851 semble

410 3891 473 3948 etro
486 3909 556 3949 sous
568 3892 610 3950 les
623 3913 701 3968 yeux
713 3895 755 3952 du
767 3895 865 3969 poite.

452 3989 466 4021 ¹
489 3987 542 4046 cet
561 3987 660 4046 oisenu
679 3991 791 4066 unique
808 3990 881 4048 dens
899 4009 954 4048 son
970 3991 1092 4068 espen,
1108 3989 1257 4064 qu'Ovide
1277 4009 1313 4048 ne
1330 3989 1451 4066 clerique

291 4161 295 4168 ,
411 4085 496 4162 point
509 4104 564 4163 par
577 4105 632 4149 son
645 4103 736 4158 nom,
749 4107 786 4146 ne
800 4101 873 4166 pest
886 4091 948 4149 ttre
960 4109 1020 4168 que
1032 4091 1060 4148 le
1071 4087 1190 4146 Phoinix.
