3216 5344
484 573 553 649 its
603 585 687 642 cns
715 559 1152 640 ntmuorrnosns
1181 578 1405 667 ruovrne,

481 739 543 812 Sic
560 759 708 828 omnes,
724 739 818 804 utet
831 729 911 828 ipsc
924 729 1031 803 Jovis
1047 733 1283 833 conjuxque,
1303 763 1493 836 seruique,

478 872 649 944 'Eventus
664 863 858 936 Hecubam
874 861 1057 936 meruisse
1071 865 1265 960 negaverit
1278 867 1362 940 illos
1378 875 1401 940 ¹.

557 1063 633 1138 lx,
663 1062 811 1134 Cineres
826 1059 1042 1132 Memnonis
1057 1059 1097 1132 in
1114 1061 1218 1133 Aves
1232 1075 1436 1135 mutantur.

526 1257 625 1336 Non
639 1263 746 1330 vacat
758 1253 928 1348 Aurorae,
938 1277 1170 1350 quamquam
1182 1253 1303 1329 isdem
1315 1254 1563 1346 ravenensis,

478 1391 656 1468 Cladibus
669 1399 707 1461 et
722 1411 809 1460 casu
822 1383 1022 1482 Trojaeque
1034 1384 1274 1483 Hecubaequc
1287 1409 1445 1460 mosen.

477 1525 577 1600 Cura
589 1525 708 1599 Deam
721 1517 897 1618 propior,
911 1517 1113 1613 luctusque
1126 1515 1355 1590 domesticus
1366 1521 1466 1614 angit

476 1655 691 1734 Memnonis
704 1651 847 1750 amissi,
862 1633 1036 1749 Phrygiis
1049 1675 1165 1748 quem
1180 1649 1283 1724 lutea
1298 1651 1438 1749 campis

474 1787 582 1863 Vidit
595 1781 763 1860 Achilles
777 1793 999 1884 pereuntem
1014 1781 1168 1880 cuspide
1184 1793 1315 1857 mater.

475 1917 599 2012 Vidit3
613 1927 651 1988 et
663 1913 726 1988 ille
740 1911 859 2008 color,
875 1937 952 2008 quo
964 1912 1152 1986 matutina
1166 1911 1375 1986 rubescunt
1440 1901 1443 1912 ’

473 2049 679 2146 Tempora,
697 2041 880 2143 palluerat
896 2071 904 2118 :
920 2043 1106 2144 latuitque
1122 2045 1165 2118 in
1177 2046 1345 2120 nubibus
1361 2043 1486 2119 aetbcr.

473 2180 525 2258 At
536 2205 616 2254 non
628 2177 822 2276 impositos
835 2177 1021 2275 supremis
1035 2177 1186 2276 ignibus
1202 2189 1306 2252 artus

472 2309 664 2386 Sustinuit
678 2319 842 2405 spectare
856 2331 992 2406 parens
1008 2335 1016 2382 :
1032 2309 1115 2408 sed,
1131 2311 1237 2384 crine
1250 2309 1392 2408 soluto,

471 2441 579 2516 Sicut
592 2449 687 2534 erst5
706 2436 833 2535 magni
844 2436 1003 2534 genibus
1016 2439 1264 2536 procumbere
1279 2461 1362 2512 non
1375 2447 1431 2510 cst

469 2569 677 2668 Dedignata
689 2567 813 2662 Jovis,
830 2567 1082 2666 lacrymisque
1094 2567 1162 2642 has
1176 2567 1313 2646 addere
1325 2593 1448 2644 voces.

409 2789 412 2800 Ι
520 2697 711 2774 Omnibus
723 2691 901 2790 inferior,
917 2718 1011 2790 quas
1028 2694 1188 2768 sustinet
1200 2719 1338 2769 aureus
1354 2693 1485 2790 oetber,

467 2831 565 2906 Nam
576 2827 676 2904 mihi
688 2835 778 2900 sunt
793 2837 917 2899 totum
934 2827 1124 2902 rarissima
1137 2827 1276 2926 templa
1288 2853 1357 2925 per
1369 2829 1506 2922 orbem,

468 2961 568 3036 Diva
583 2971 710 3032 tamen
722 2955 838 3029 venio
859 2983 867 3030 :
887 2981 967 3029 non
979 2969 1025 3030 ut
1036 2957 1213 3056 delubra,
1233 2957 1389 3056 diesque

468 3088 543 3161 Des
556 3087 655 3162 mihi
670 3085 872 3183 sacrificos,
888 3085 1138 3186 caliturasque
1154 3087 1306 3185 ignibus
1318 3111 1412 3160 arus.

467 3217 508 3291 Si
521 3229 647 3291 tamen
661 3217 833 3316 aspicias,
851 3230 1040 3316 quantum
1054 3220 1126 3293 tibi
1139 3219 1297 3294 foemins
1309 3229 1493 3317 praestem,

464 3343 568 3418 Tum
584 3347 673 3419 ebm
686 3345 771 3420 luce
784 3345 884 3421 novd
897 3349 1018 3422 noctis
1032 3349 1195 3424 confinis
1210 3331 1340 3446 servo,¹

375 3545 377 3551 ,
463 3474 624 3548 Praemia
635 3474 759 3550 danda
770 3489 891 3576 putes.
910 3477 980 3552 Sed
996 3505 1075 3554 non
1089 3507 1132 3555 eu
1145 3505 1252 3578 curs,
1267 3507 1393 3578 neque
1407 3478 1470 3554 hic
1483 3483 1523 3549 est

464 3607 576 3682 Nunc
589 3620 706 3684 status
719 3609 895 3708 Aurorae,
914 3614 1069 3688 meritos
1085 3627 1130 3688 ut
1142 3625 1267 3714 poseat
1279 3613 1456 3689 honores.

507 3772 518 3804 ¹
543 3773 617 3830 Rieu
629 3793 666 3830 ne
679 3785 753 3849 peut
765 3793 795 3833 sc
807 3795 961 3853 comparer
974 3797 1033 3837 rur
1045 3743 1193 3839 mnlbeurs
1206 3777 1373 3838 d’Htcube:

591 3899 732 3962 Quicunque
744 3915 774 3948 cn
785 3903 859 3964 pared
870 3917 909 3950 cu
921 3919 946 3952 re
957 3907 1019 3952 croit
1029 3905 1068 3954 het
1078 3907 1120 3955 des
1133 3911 1217 3965 eienx,

589 3979 654 4038 Qu'il
665 3981 787 4034 comtdtrc
798 3983 910 4043 Hecube,
921 3985 938 4033 il
948 3987 1034 4036 rendra
1044 4003 1116 4056 grece
1128 4005 1176 4038 rur
1187 3989 1267 4062 diens.

1163 4075 1198 4122 LA
1212 4075 1230 4118 F
1231 4089 1353 4122 rrrrrrrr
