3248 5338
439 555 507 652 61Ι
552 565 639 624 nes
666 535 1114 620 uisnnoneuosss
1142 551 1377 633 moulon,

304 811 307 818 .
440 715 596 794 Sentiat.
613 715 663 790 At
674 711 856 812 quoniam
868 733 1093 784 concurrere
1108 711 1283 786 eominus
1295 687 1401 786 hosti

386 820 388 826 ἶ
437 857 525 934 Non
537 853 668 946 datur,
686 847 831 922 ooculn
842 870 913 920 nec
929 843 1090 942 opinnm
1102 843 1219 942 perde
1235 845 1378 942 sagittet.

487 985 638 1064 Annuit
653 1011 662 1060 t
677 995 790 1082 etque
804 980 933 1056 auimo
945 979 1089 1078 puriter
1100 991 1314 1078 patruoque
1327 1005 1477 1078 suoque

438 1123 571 1202 Delius
587 1117 806 1217 indulgens,
822 1113 962 1192 nebuld
977 1112 1123 1190 velatus
1135 1115 1181 1191 in
1196 1137 1330 1216 agmen

437 1255 617 1334 Pervenit
629 1251 782 1328 iliacum
792 1281 803 1348 3
822 1245 1022 1356 medimue
1035 1248 1079 1324 in
1091 1247 1192 1322 eoede
1203 1248 1384 1324 virorum

437 1385 535 1463 Rure
546 1409 615 1484 per
627 1385 772 1482 ignotos
784 1387 1018 1480 spargentem
1033 1377 1157 1452 uernit
1172 1375 1341 1451 Achivos
1357 1383 1367 1414 ¹

435 1519 527 1598 Tele
537 1519 652 1594 Parin
669 1545 677 1592 :
693 1513 887 1610 fessusque
902 1511 1048 1606 Deum,
1067 1509 1172 1598 Quid
1186 1509 1331 1609 spicula
1341 1507 1476 1610 perdis

435 1650 625 1752 Sanguine
643 1643 790 1746 plebis?
806 1643 859 1716 ait
877 1672 885 1716 :
901 1643 934 1715 si
947 1667 1024 1740 qus
1038 1653 1094 1715 est
1109 1641 1182 1716 tibi
1198 1667 1291 1718 eura
1305 1656 1486 1741 tuorum,

433 1787 588 1864 Vertere
600 1785 644 1858 in
656 1777 854 1876 AEncideu,
873 1801 1063 1874 eaesosque
1078 1775 1258 1854 ulciscere
1272 1777 1421 1854 fratres.

482 1923 593 1998 Dixit
610 1949 618 1992 ε
634 1929 672 1990 et
682 1911 882 1989 ostendens
899 1924 1128 1986 sternentem
1142 1911 1257 1986 Trdiu
1270 1911 1373 1987 ferro

434 2055 600 2150 Corpore
614 2043 794 2139 Peliden,
812 2067 920 2116 meus
936 2041 1102 2116 obvertit
1116 2041 1160 2116 in
1176 2041 1308 2140 illum3

431 2187 619 2283 Certaque
634 2177 809 2256 lethiferi
820 2179 962 2254 direxit
974 2177 1119 2277 spicula
1130 2177 1276 2254 dextri.

433 2317 547 2410 Quod
560 2315 734 2391 Priamus
744 2309 905 2410 gaudere
921 2335 1039 2386 senex
1050 2321 1136 2410 post
1148 2309 1309 2386 Hectora
1324 2325 1480 2411 posset,

431 2453 514 2532 Hoc
525 2453 612 2530 fuit.
630 2449 699 2527 Ille
712 2449 828 2548 igitur
839 2460 1035 2522 tentorum
1047 2447 1188 2544 victer,
1204 2446 1369 2548 Achille,
1524 2421 1528 2434 ⁸

430 2585 604 2663 Vinceris
618 2611 640 2658 1
652 2579 788 2659 timido
804 2579 926 2676 Grajae
943 2593 1092 2678 raptore
1108 2583 1281 2658 meritae'l

431 2721 482 2796 At
494 2721 527 2794 si
542 2717 724 2794 foemineo
736 2713 861 2790 fuerat
877 2715 948 2788 tibi
964 2713 1084 2790 Marte
1097 2715 1329 2816 cadendum,
1425 2747 1431 2769 ¹

429 2845 771 2951 Thermodontiacd
787 2845 917 2921 malles
932 2845 1107 2922 cecidisse
1121 2850 1293 2946 bipenni.

429 2983 515 3058 lam
526 2981 643 3054 timor
655 2979 719 3052 ille
734 2977 949 3076 Phrygum,
967 2977 1081 3091 (lepus
1095 2992 1133 3055 et
1147 2981 1265 3054 tutela
1282 2981 1422 3083 Pelasgi

428 3111 623 3209 Nominis,
640 3109 829 3207 AEacides',
844 3123 957 3210 caput
968 3112 1221 3210 insuperabile
1234 3115 1354 3214 bello,

429 3250 581 3324 Arserat
590 3277 600 3344 3
619 3230 781 3320 armdret
796 3247 899 3321 Deus
915 3247 1038 3348 idem,
1057 3249 1235 3348 idemque
1251 3257 1448 3334 eremitat.

429 3383 512 3456 Jsm
529 3380 625 3454 cinis
639 3393 713 3478 est,
729 3381 828 3455 etde
844 3393 922 3454 tam
938 3409 1074 3480 magno
1087 3397 1200 3458 restat
1216 3385 1364 3460 Achille

428 3509 956 3611 Nescioquid,parvamqu0d
964 3513 1146 3588 nonbene
1154 3517 1339 3614 compleat
1347 3545 1503 3598 urnam.

471 3747 480 3778 ¹
502 3745 614 3802 'Pontes
633 3763 680 3802 ees
698 3743 911 3803 circonstanees
930 3749 1134 3806 cnrncttrlsent
1150 3751 1218 3808 bien
1234 3751 1263 3812 11
1284 3753 1409 3811 timidite
1424 3755 1469 3814 dn

428 3841 515 3900 laible
523 3844 613 3900 Plris.
625 3845 701 3900 C'est
710 3845 842 3922 Apollou
853 3847 906 3923 qni
915 3848 1026 3908 l'excite
1038 3869 1045 3908 :
1056 3849 1078 3908 il
1088 3851 1230 3912 l'exhorte
1241 3873 1249 3912 :
1260 3849 1282 3912 il
1293 3855 1336 3914 lui
1346 3855 1468 3936 designo

428 3943 540 4004 Achille
546 3965 559 4057 ,²
574 3944 595 4004 il
608 3945 701 4024 dirige
713 3947 742 4004 lu
754 3945 845 4008 llicbe
858 3949 957 4009 letale.
