3216 5344
456 581 526 684 156
570 625 653 681 aas
682 595 1120 680 nbrsmonrnosns
1152 621 1381 699 nomon,

452 769 687 868 Neritiasque
704 777 711 808 ¹
728 767 879 868 domos,
896 795 1055 869 regnum
1068 769 1206 846 fallacis
1220 755 1401 871 Ulyssei³‚'

450 897 592 975 Praeter
608 911 715 974 erant
730 897 830 977 vecti
846 927 854 972 :
870 911 1047 974 certatam
1063 898 1129 973 lite
1143 900 1314 974 Deorum

450 1027 688 1104 Ambraciam
700 1037 731 1128 ¹,
746 1029 923 1126 versique
935 1027 1069 1102 vident
1081 1029 1152 1102 sub
1169 1011 1332 1127 imagine
1345 1053 1474 1106 saxum

449 1159 473 1232 J
474 1158 614 1256 udicis,
632 1157 781 1233 Actiaco
795 1185 881 1256 quae
893 1183 998 1232 nunc
1010 1159 1056 1232 ab
1070 1157 1244 1256 Apolline
1259 1171 1348 1234 nota
1361 1171 1434 1256 est,

448 1289 699 1389 vocalemque
715 1291 783 1366 sual
797 1303 936 1366 terram
949 1287 1151 1364 Dodonida
1167 1315 1334 1387 quercu,

450 1423 713 1524 Chaoniosque
730 1429 857 1524 sinus,
876 1427 946 1500 ubi
960 1425 1040 1498 nati
1053 1451 1137 1524 rege
1148 1421 1309 1500 Molosso
1413 1408 1423 1433 ⁰

448 1555 560 1630 Irrita
576 1558 750 1652 subjectis
764 1555 889 1654 sugere
903 1555 1080 1630 incendia
1091 1555 1242 1656 pennis.

608 1771 707 1844 Xll.
736 1774 870 1844 AEneoe
885 1771 940 1844 ad
956 1771 1127 1843 Siciliam
1143 1770 1343 1867 appulsus.

495 1965 720 2054 Pnoxrlaa
732 1981 953 2074 Phaeacum,
968 1978 1141 2052 felicibus
1155 1979 1276 2052 obsita
1288 1981 1409 2076 pomis
1422 1976 1454 2076 ³,

446 2106 551 2181 Rura
564 2107 703 2206 'petunt
721 2139 729 2183 ε
745 2101 878 2207 thros
892 2111 939 2182 ab
953 2109 1033 2206 his,
1052 2121 1276 2206 regnataque
1289 2109 1367 2180 vati
1424 2103 1430 2118 ’

444 2227 649 2311 Buthrotos
662 2237 843 2336 Phrygio,
860 2237 1110 2335 simulataque
1122 2237 1235 2334 Troja
1248 2249 1438 2334 tenentur.

442 2370 537 2446 Inde
550 2369 770 2446 futurorum
787 2370 899 2466 certi,
918 2396 1004 2467 quae
1021 2382 1156 2446 cuncta
1172 2369 1275 2445 fideli
1325 2385 1329 2394 ·

441 2491 649 2575 Pria'mitlcs
662 2501 829 2576 Helenus
845 2501 996 2575 monitu
1009 2501 1253 2600 praedixerat,
1271 2503 1418 2576 intrant

440 2630 640 2708 Sicaniam.
654 2631 794 2707 Tribus
807 2632 889 2706 haec
899 2631 1070 2706 excurrit
1082 2632 1125 2705 in
1138 2657 1290 2729 aequora
1302 2632 1459 2731 linguis3

440 2759 472 2832 Ε
486 2761 626 2856 quibus
642 2761 856 2838 imbriferos
869 2763 1026 2836 obversa
1039 2761 1237 2861 Pachynos
1250 2761 1296 2836 ad
1309 2761 1481 2856 Austrum

439 2889 618 2964 Mollibus
635 2897 850 2998 expositum
864 2893 1051 2992 Zephyris
1063 2894 1259 2992 Lilybaeon
1278 2923 1285 2967 :
1302 2907 1340 2967 at
1356 2893 1489 2968 Arcton

440 3021 825 3122 AEquoris'expertem
840 3037 999 3126 spectat,
1018 3027 1240 3122 Boreanque
1254 3023 1417 3098 Peloros.

313 3158 318 3168 '
441 3145 522 3222 Hac
532 3149 699 3236 subeunt
708 3130 871 3227 Teucri:
888 3153 1079 3252 remisque
1091 3165 1260 3252 aestuque
1276 3153 1463 3242 secundo,
1490 3225 1532 3245 „‚

444 3273 527 3384 Sub
543 3288 692 3351 noctem
708 3280 854 3377 potitur
866 3282 1034 3355 Zanclaea
1048 3282 1171 3388 classis
1184 3275 1309 3356 areni.

485 3459 494 3490 ¹
519 3455 648 3529 Neritio,
662 3459 730 3518 ville
746 3461 788 3520 du
802 3463 1009 3537 promontoirc
1026 3463 1063 3521 de
1078 3449 1223 3522 Leucade.
1239 3459 1343 3520 c’nait
1358 3461 1473 3520 anaia

335 3625 338 3634 Δ
371 3551 378 3564 ’
440 3571 513 3612 nom
527 3555 599 3612 d'un
613 3558 719 3616 rocher
731 3559 768 3618 de
781 3561 838 3619 tue
851 3562 1017 3640 d'lthaque.

484 3655 498 3684 ⁸
521 3653 603 3710 cette
618 3655 704 3726 ville,
719 3659 805 3734 apres
822 3661 850 3717 la
863 3659 980 3718 batnille
998 3661 1165 3731 metium,
1178 3661 1226 3719 lut
1243 3663 1378 3718 commeo
1394 3661 1473 3718 Nico·

439 3746 517 3821 polis
536 3767 591 3822 par
608 3751 765 3828 Auguste,
784 3755 837 3830 qui
854 3755 1001 3814 l’embellit
1017 3755 1164 3815 d'e'difices
1181 3755 1348 3832 superbes,
1361 3767 1392 3813 et
1407 3755 1472 3812 d’un

336 3873 340 3880 ·
438 3843 548 3920 temple
563 3847 743 3923 magniliqur
755 3849 839 3908 dedic
852 3851 869 3908 i
882 3851 1022 3926 Apollon.

352 4011 360 4030 ι
481 3933 494 3973 ³
516 3939 677 4013 comparer
691 3961 723 4000 ce
736 3944 807 4003 tecit
818 3944 856 4004 de
868 3945 896 4004 la
908 3945 1079 4024 navigetion
1090 3917 1199 4006 d'Enle
1211 3963 1281 4004 arec
1292 3945 1321 4005 le
1332 3945 1471 4006 troisibme

439 4031 515 4090 livre
527 4033 565 4092 de
577 4036 717 4096 ΙἘιιέῑάο.
743 4123 746 4137 ⁹
