3216 5344
437 537 485 648 88
553 589 638 645 aas
668 559 1104 644 utramonrrrosns
1135 585 1362 665 o’ovtnn,

433 737 589 814 Viveret
596 771 606 837 3
620 729 688 816 aut
699 744 797 816 certa
809 739 955 816 lethum
969 743 1049 828 sine
1062 740 1398 844 criminehaberet.

435 869 557 958 Quem
574 872 670 946 matt
683 871 847 946 convicti
861 871 1024 946 nimiam
1037 897 1184 954 memor
1198 873 1268 946 iste
1283 865 1425 954 luroris

433 1001 596 1077 Prodere
608 1029 689 1078 rem
706 1003 873 1079 Danaam
887 1000 1016 1098 finxit,
1030 999 1237 1102 fictumque
1251 995 1429 1100 probavit
1443 1000 1451 1030 ¹

434 1138 587 1214 Crimen
599 1148 653 1214 :et
662 1136 842 1236 ostendit,
858 1133 959 1234 quod
972 1137 1049 1232 jam
1060 1135 1300 1234 praefoderat,
1314 1153 1467 1206 aurum.

480 1275 576 1373 Ergo
589 1285 655 1350 aut
670 1275 803 1351 exsilio
817 1273 918 1349 vires
934 1272 1119 1348 subduxit
1130 1271 1317 1370 Achivis
1371 1363 1375 1374 1

431 1405 510 1480 Aut
523 1429 613 1479 nece
627 1433 635 1480 ε
650 1407 877 1503 depugnat,
893 1405 946 1482 sie
958 1415 1012 1479 est
1023 1403 1266 1501 metuendus,
1282 1401 1445 1500 Ulysses.

431 1535 527 1634 Qui,
542 1538 629 1612 lieet
643 1538 793 1634 eloquio
804 1537 925 1612 fidum
940 1564 1093 1637 quoque
1105 1538 1259 1613 Nestora
1271 1534 1419 1627 vineat,

431 1666 542 1740 Haud
555 1679 681 1740 tamen
695 1666 845 1764 efficiet,
860 1666 1050 1742 desertum
1063 1680 1109 1742 ut
1115 1668 1151 1744 N
1151 1677 1271 1740 estora
1282 1665 1428 1740 crimen

430 1801 518 1874 Esse
530 1825 614 1873 rear
627 1797 777 1874 nullum
795 1825 802 1872 :
818 1798 908 1896 qui,
926 1797 1014 1872 etun
1030 1798 1248 1896 imploraret
1259 1796 1421 1894 Ulyssen

430 1931 597 2004 Vulnere
609 1928 739 2003 tardus
751 1930 860 2027 equi,
875 1928 1068 2029 fessusque
1080 1931 1260 2006 senilibus
1272 1929 1382 2006 annis
1396 1935 1429 2030 ²,

359 2091 363 2098 ·
428 2063 605 2138 Proditus
620 2091 642 2138 a
656 2063 755 2140 socio
768 2075 832 2137 est.
852 2039 937 2138 Non
950 2065 1031 2140 haec
1042 2067 1140 2142 mihi
1152 2039 1417 2164 oriminafingl

428 2197 504 2271 Scit
519 2199 616 2272 bene
628 2195 810 2294 Tydides,
825 2198 895 2294 qui
907 2198 1062 2274 nomine
1076 2222 1173 2297 saepe
1188 2209 1364 2276 vocaturn

427 2331 636 2430 Corripuit3
654 2331 877 2430 trepidoque
891 2331 1018 2432 fugam
1035 2335 1278 2433 exprobravit
1289 2333 1421 2408 amieo.

473 2471 675 2570 Aspiciun't
687 2471 804 2544 oculis
819 2473 952 2570 Superi
966 2475 1137 2549 mortalia
1147 2474 1270 2571 justis.

423 2587 483 2682 En
497 2613 575 2705 eg'et
588 2605 753 2702 auxilio,
771 2608 840 2704 qui
852 2633 932 2681 non
946 2609 1054 2705 tulit3
1071 2621 1190 2707 utque
1202 2607 1381 2707 reliquit,

422 2740 484 2812 Sic
497 2738 729 2836 linquendus
744 2749 823 2812 erat
840 2767 848 2811 ε
863 2737 980 2835 legem
992 2739 1065 2813 sibi
1077 2739 1225 2813 dixerat
1241 2738 1333 2835 ipse.

422 2872 636 2946 Conclamat
652 2871 769 2944 socios
786 2899 794 2944 :
811 2869 964 2969 adsum,
982 2871 1170 2970 videoque
1183 2881 1406 2948 trementem
1414 2907 1428 2970 ,-

420 3005 701 3102 Pallentemque
716 3016 842 3101 metu,
860 3031 903 3079 ae
917 3007 1167 3106 trepidantem
1182 3021 1304 3084 morte
1317 3007 1458 3084 futuri.

407 3237 411 3246 ⁵
462 3261 472 3292 ¹
496 3259 601 3335 tttysse
621 3279 651 3318 se
670 3277 782 3338 renger
802 3260 992 3319 ernellement
1010 3257 1049 3320 de
1067 3279 1101 3320 ee
1118 3280 1178 3339 qne
1197 3260 1351 3324 Palamede
1371 3262 1453 3320 avait

415 3353 514 3417 dtetle
526 3355 657 3416 l'ertifiee
669 3359 706 3418 de
724 3377 756 3417 se
769 3359 866 3418 sanese
881 3361 1019 3420 demenee
1032 3381 1040 3418 τ
1054 3361 1075 3419 tt
1088 3361 1123 3419 fit
1137 3363 1241 3422 escher
1255 3361 1293 3422 de
1308 3364 1366 3420 l’or
1376 3363 1452 3422 dens

417 3481 450 3520 sa
463 3473 560 3533 tente3
573 3473 603 3519 et
620 3473 784 3538 supposent
796 3461 847 3520 dee
863 3464 962 3522 lettres
974 3463 1011 3520 de
1022 3463 1137 3531 Prien,
1150 3461 1171 3520 ll
1182 3480 1287 3522 aeeon
1298 3463 1452 3522 retentos

415 3559 454 3618 de
468 3561 619 3631 trehison,
634 3574 663 3618 et
675 3563 702 3620 le
716 3561 749 3619 fit
762 3562 942 3622 condemner
955 3563 972 3622 t
983 3563 1046 3621 etro
1056 3563 1165 3640 lepide.

456 3683 470 3711 ⁸
494 3681 616 3764 Vulnere
627 3684 728 3739 tardus
739 3685 810 3758 eqni
818 3703 854 3740 ne
866 3703 897 3742 se
908 3695 1016 3743 trouve
1027 3703 1081 3760 pes
1093 3703 1130 3742 en
1140 3695 1248 3744 termes
1256 3683 1363 3760 ‘exprds
1372 3681 1449 3742 dans

387 3781 391 3790 '
412 3777 444 3836 la
459 3778 638 3837 traduction.
659 3781 742 3839 Cette
761 3775 959 3842 eir'constence
978 3804 1015 3842 ne
1028 3784 1153 3861 ponveit
1169 3785 1232 3842 etre
1248 3782 1377 3842 trednite
1391 3783 1450 3840 'ele

402 3878 516 3950 lettre,
531 3899 599 3939 sens
615 3881 701 3942 nnire
716 3884 733 3941 l
747 3884 774 3942 ln
788 3884 935 3959 precislon
949 3887 1008 3945 stt
1024 3887 1053 3945 le
1065 3887 1191 3946 viveeitt
1202 3885 1244 3944 du
1260 3895 1452 3946 monrement

417 3980 558 4040 oratoire.
573 3983 620 4040 On
632 4001 650 4041 a
664 4001 719 4046 eru
732 4003 809 4062 que,
822 3985 899 4046 dans
911 3991 942 4045 ta
956 3987 1046 4046 mae'e
1053 4029 1065 4058 ,
1079 4007 1117 4046 en
1130 3986 1217 4048 disait
1230 4003 1319 4044 essen
