3216 5344
445 601 516 680 140
560 618 643 674 Les
674 591 1116 676 ni'rsnournosus
1148 621 1381 702 morines,

444 761 447 770 ’
482 767 660 842 orendit
677 769 862 866 Odrysius
879 799 886 842 :
904 769 1116 866 praedaeque
1132 785 1302 848 assuetus
1314 801 1451 850 amore

445 895 491 970 ln
505 909 644 970 secreta
660 899 768 971 venit
784 927 792 970 :
808 909 892 972 tum
909 898 1048 972 blando
1060 899 1216 974 callidus
1232 928 1316 1000 ore,

443 1027 551 1102 Tolle
566 1055 709 1126 moras,
725 1005 896 1126 Hecube,
912 1029 1012 1102 dixit
1029 1059 1037 1103 ε
1053 1030 1101 1102 da
1116 1057 1277 1106 munera
1292 1045 1393 1109 nato.

445 1162 570 1236 Omne
585 1161 665 1236 fore
683 1161 785 1234 illius
800 1159 902 1258 quod
916 1158 1003 1255 das,
1023 1159 1124 1255 quod
1139 1171 1177 1232 et
1190 1173 1277 1234 ante
1290 1161 1447 1258 dedisti,

443 1293 515 1368 Per
529 1295 690 1391 Superos
704 1295 802 1388 juro.
822 1293 968 1390 Spectat
985 1294 1199 1366 truculenta
1213 1295 1454 1392 loquentem,

444 1421 473 1496 F
474 1423 624 1520 alsaque
638 1425 846 1517 jurantem3
865 1419 1088 1518 tumidique
1101 1435 1281 1496 exaestuat
1293 1423 1350 1496 irai
1358 1455 1369 1520 3

445 1551 570 1648 Atque
586 1555 638 1626 ita
651 1564 866 1650 correptum
880 1552 1118 1650 captivarum
1131 1553 1277 1650 agmine
1293 1567 1466 1630 matrum

446 1681 617 1780 Involat,
637 1695 674 1756 et
688 1683 822 1780 digitos
839 1683 880 1754 in
895 1681 1039 1778 perfida
1054 1683 1202 1756 lumina
1218 1683 1365 1780 condit,
1453 1695 1459 1702 '

446 1813 713 1912 Exspoliatque
726 1841 834 1913 genas
849 1816 987 1910 oculis,
1008 1816 1118 1912 (facit
1130 1817 1187 1889 ira
1200 1817 1405 1912 valentem,
1419 1816 1434 1913 )

446 1945 713 2043 immergitque
727 1937 862 2019 manus
880 1945 1116 2042 :foedataque
1130 1944 1310 2042 sanguine
1326 1945 1424 2018 sonti
1443 1953 1451 1982 ¹

361 2169 364 2174 Ι
446 2071 531 2150 Non
545 2075 693 2172 lumen,
709 2103 832 2173 neque
845 2074 948 2150 enim
959 2085 1145 2170 superest,
1159 2074 1239 2146 loca
1251 2073 1409 2148 luminis
1418 2075 1562 2156 haurit

494 2202 606 2277 Clade
618 2205 678 2277 sui
693 2203 886 2278 Thracum
903 2229 991 2301 gens
1005 2202 1150 2276 irritata
1163 2203 1318 2299 tyranni

445 2333 591 2407 Troada
605 2335 767 2408 telorum
783 2333 1030 2432 lapidumque
1046 2332 1230 2404 incessere
1247 2334 1349 2426 jactu

448 2466 572 2563 Coepit
589 2496 596 2540 :
616 2480 653 2540 at
665 2467 747 2542 haec
761 2468 921 2541 missum
934 2491 1048 2540 rauco
1066 2491 1154 2538 eum
1168 2491 1369 2538 murmure
1382 2490 1518 2538 saxum

447 2601 637 2675 Morsibus
653 2579 870 2700 insequitur
886 2629 894 2674 :
911 2599 1087 2698 rictuque
1103 2601 1146 2672 in
1162 2601 1277 2674 verba
1289 2611 1418 2696 parato
1485 2597 1488 2605 ⁴
1544 2665 1551 2676 .

447 2729 634 2828 Latravit,
650 2745 781 2805 conatu
796 2731 915 2828 loqui.
933 2729 1056 2806 Locus
1074 2743 1210 2827 exstat,
1226 2740 1264 2803 et
1277 2757 1326 2804 ex
1342 2757 1384 2803 re
1399 2737 1412 2768 ¹

447 2859 594 2934 Nomen
609 2861 722 2934 habet
739 2891 747 2936 :
765 2873 1015 2958 veterumque
1035 2859 1104 2933 diu
1118 2885 1266 2934 memor
1278 2859 1342 2933 illa
1354 2859 1559 2966 malornm,

448 2987 550 3060 Tum
565 3015 716 3088 quoque
734 2990 925 3065 Sithonios
937 2991 1102 3064 ululavit
1117 3005 1251 3064 moesta
1263 3015 1331 3088 per
1346 3016 1465 3088 agros

449 3103 557 3193 Illius
570 3121 761 3220 Troesque
774 3151 878 3220 suos,
897 3121 1097 3220 hostesque
1111 3122 1293 3218 Pelasgos,
1318 3177 1328 3200 ,

448 3241 556 3324 Illius
571 3251 736 3326 Fortuna
749 3255 847 3327 Deos
861 3281 1013 3351 quoque
1029 3265 1199 3328 moverat
1212 3277 1361 3348 omnes;

496 3451 504 3482 ¹
529 3447 729 3524 L'expression
744 3453 902 3527 energique
916 3450 953 3508 de
966 3470 997 3510 ee
1011 3469 1079 3508 vers
1090 3461 1132 3508 est
1145 3449 1291 3507 tellement
1303 3445 1483 3506 inherente'a

450 3545 578 3605 l'idiome
595 3549 687 3616 latin,
706 3551 811 3626 qu’elle
829 3551 937 3608 semble
959 3550 1172 3608 intruduisible.
1193 3549 1392 3617 Marmoutel,
1409 3548 1486 3633 qui,

451 3645 524 3702 daus
546 3665 591 3704 ses
612 3649 746 3705 Eldmem
768 3650 806 3704 de
827 3651 1003 3717 &Querature
1025 3665 1042 3704 a
1063 3646 1176 3704 traduit
1196 3665 1233 3706 eu
1250 3663 1338 3720 prose
1358 3661 1390 3701 ee
1407 3645 1483 3703 beau

450 3761 589 3820 passage,
603 3745 783 3822 addsespere
796 3746 832 3802 de
846 3747 874 3802 la
889 3747 1005 3804 rendre.

494 3844 617 3903 'Solon
632 3846 778 3914 strabon,
793 3865 833 3902 on
846 3845 947 3922 voyait
960 3844 1029 3921 pres
1041 3843 1069 3901 d’
1071 3842 1212 3920 Abydos,
1226 3842 1299 3899 dans
1311 3842 1340 3898 le
1354 3841 1486 3897 Cherso=

401 4003 403 4008 ,
452 3961 521 3997 nese
532 3943 568 3998 de
579 3944 708 4016 Thrace
719 3947 746 4002 le
756 3947 816 4004 lieu
826 3947 1065 4028 delasdpulture
1075 3943 1148 4004 d'li
1134 3943 1223 4002 dcube
1232 3941 1305 4018 qu
1308 3959 1347 3998 on
1358 3939 1484 4016 appelit}

452 4037 480 4098 le
494 4041 630 4097 tombeau
643 4043 685 4099 du
698 4043 792 4104 chien.
