3178 5350
700 899 993 1016 LIBER
1033 899 1213 1022 XIV.

744 1189 775 1262 l.
804 1190 932 1286 Scylla
955 1190 995 1260 in
1015 1214 1156 1285 rupem.

432 1389 471 1509 J
472 1452 632 1517 AMQUn
650 1429 838 1540 Giganteis
855 1429 1031 1522 injectam
1045 1426 1217 1501 faucibus
1229 1427 1392 1524 AEtnen,

431 1559 610 1658 Arvaque
623 1561 847 1660 Cyclopum,
867 1559 960 1660 quid
974 1571 1112 1656 rastra,
1128 1559 1222 1658 quid
1237 1587 1331 1634 usus
1344 1561 1458 1634 aratri

430 1689 580 1789 Nescia,
599 1717 670 1766 nec
685 1693 890 1790 quicquam
903 1693 1043 1788 junctis
1056 1691 1231 1766 debentia
1243 1694 1390 1789 bubus,

431 1823 612 1922 Liquerat
623 1827 813 1902 Eubo'icus
826 1801 1063 1902 tumidanum
1077 1829 1202 1902 cultor
1213 1855 1422 1926 aquamm3

432 1955 614 2054 Liquerat
626 1969 664 2032 et
679 1958 863 2052 Zanclen,
879 1955 1112 2056 adversaque
1129 1957 1271 2032 moenia
1284 1957 1424 2056 Rhegi,

432 2089 753 2190 Navifrngumque
764 2091 923 2186 fretum,
938 2089 1089 2188 gemino
1102 2086 1204 2186 quod
1217 2089 1327 2162 litore
1341 2115 1516 2187 pressum

433 2221 613 2296 Ausoniae
627 2222 837 2320 Siculaeque
850 2233 953 2295 tenet
965 2219 1130 2295 confinia
1146 2233 1268 2294 terrae.

434 2349 547 2447 Inde,
562 2378 680 2426 manu
695 2353 829 2450 magna
841 2351 1044 2454 Tynhena
1057 2378 1125 2450 per
1138 2377 1290 2449 aequora
1305 2351 1449 2448 lapsus,

434 2479 652 2556 Herbiferos
665 2481 759 2556 adiit
775 2482 886 2556 colles
903 2489 933 2578 ยน,
948 2495 1061 2580 atque
1074 2483 1169 2555 atria
1185 2481 1348 2556 Glaucus

435 2611 520 2686 Sole
534 2625 620 2688 satae
634 2613 776 2710 Circen,
795 2613 989 2700 variarum
1004 2613 1115 2710 plena
1127 2611 1305 2686 serarum.

435 2743 561 2832 Quam
575 2745 690 2820 simul
703 2743 867 2842 aspexit5
883 2743 984 2818 dicta
996 2744 1219 2842 acceptaque
1233 2741 1367 2840 salute,

435 2873 553 2969 Diva,
569 2875 640 2946 Dei
653 2873 847 2969 miserere,
862 2897 996 2968 precor
1007 2897 1115 2946 :nam
1131 2871 1208 2946 sola
1221 2872 1346 2944 levare

435 3006 497 3080 Tu
509 3018 614 3103 potes
627 3003 750 3100 hunc,
766 3004 886 3100 dixit,
905 3003 1038 3078 videar
1050 3003 1164 3078 mode
1177 3003 1333 3102 dignus,
1348 3026 1533 3075 amorem.

436 3139 588 3225 Quanta
600 3137 649 3210 ait
661 3136 887 3235 herbarum,
903 3135 1052 3234 Titani,
1070 3135 1240 3234 potentia
1252 3133 1370 3228 nulli,

436 3267 563 3354 Quam
578 3267 695 3364 mihi,
715 3268 921 3366 cognitius,
940 3269 1009 3366 qui
1026 3293 1112 3342 sum
1129 3279 1296 3341 mutatus
1309 3266 1355 3338 ab
1368 3263 1458 3338 illis.

436 3396 541 3472 Neve
556 3395 633 3470 mei
645 3421 725 3470 non
740 3407 830 3469 nota
842 3395 915 3468 tibi
930 3394 979 3467 sit
996 3419 1105 3467 causa
1118 3391 1278 3486 furoris3

438 3523 567 3600 Litore
580 3525 623 3598 in
639 3525 792 3624 Italico,
811 3523 996 3600 Messania
1008 3523 1150 3599 moenia
1162 3534 1311 3616 contra,

439 3657 562 3756 Scylla
576 3657 674 3732 mihi
688 3659 769 3732 visa
782 3670 837 3732 est
847 3655 989 3756 :pudor
1003 3667 1057 3729 est
1069 3653 1269 3752 promissa,
1285 3675 1511 3750 precesque,

440 3789 720 3890 Blanditiasque
733 3816 851 3888 meas,
867 3799 1129 3884 contentaque
1141 3783 1257 3859 verba
1270 3779 1423 3856 referre.

484 3991 493 4021 ยน
514 3989 602 4044 Mons
611 3989 790 4065 significatur
799 3989 829 4045 in
839 4008 896 4066 qno
907 3986 988 4045 circe
996 3986 1100 4041 dicitur
1106 3983 1262 4050 habitasse,
1274 3999 1342 4056 qnoe
1350 3977 1484 4036 homines

444 4083 636 4156 carminibus,
649 4088 797 4162 succisque
809 4085 964 4144 herbamm
977 4083 1156 4144 convertebat
1166 4079 1297 4152 inseras.
