3170 5366
413 565 486 641 516
506 551 510 560 ’
528 580 613 637 nas
646 527 1089 634 ndvsuoavnoses
1118 577 1350 665 novans,

413 725 616 829 Squalidus
630 723 677 800 ad
691 723 853 822 Superos
867 719 1002 796 tollens
1014 749 1102 799 reus
1115 752 1182 802 ora
1194 755 1429 838 manusque,

414 863 471 937 0!
488 859 624 955 cuijus
641 853 727 930 ooeli
744 852 803 927 bis
815 877 884 926 sex
894 849 1013 926 faeere
1026 851 1190 955 labores,

413 992 443 1070 F
444 1019 498 1089 er,
508 1015 653 1090 precor,
661 984 790 1084 inquit
795 998 1094 1085 ,opemmamtu
1102 990 1201 1066 mihi
1208 993 1382 1070 criminis
1389 1011 1526 1073 auctor.

461 1125 544 1202 Mos
557 1135 637 1202 erat
650 1121 850 1218 antiquus,
867 1119 991 1196 niveis
1008 1123 1174 1222 atn'sque
1187 1126 1342 1227 lapillis,
1356 1192 1360 1202 .

412 1255 481 1330 His
493 1254 672 1330 damnare
687 1276 789 1350 reos,
805 1249 880 1326 illis
892 1251 1087 1330 absolvere
1101 1255 1236 1354 eulpae.

411 1365 524 1464 Nune
536 1413 689 1487 quoque
704 1385 758 1460 sie
773 1385 847 1460 lata
860 1396 915 1459 en
932 1385 1117 1462 sententia
1134 1385 1253 1464 tristis
1271 1417 1279 1466 :
1295 1401 1333 1466 et
1345 1393 1471 1470 omnis

413 1519 587 1596 Calculus
601 1516 788 1594 immitem
802 1515 1018 1592 demittitur
1028 1527 1109 1590 ater
1120 1516 1163 1592 in
1179 1543 1331 1598 urnam.

413 1651 510 1740 Quae
523 1649 639 1726 simul
652 1647 787 1726 effudit
799 1647 1054 1724 numerandos
1068 1673 1177 1724 versa
1192 1651 1357 1751 lapillos,

413 1781 637 1857 Omnibus&
653 1779 761 1878 nigro
774 1777 878 1852 color
891 1790 947 1852 est
962 1789 1131 1856 mutatus
1141 1779 1184 1854 in
1196 1779 1350 1880 album3

414 1905 657 2006 Candidaque
670 1905 857 1980 Herculeo
871 1907 1056 1982 sententia
1071 1933 1233 1984 munere
1244 1909 1339 1986 facta

413 2035 536 2110 Solvit
549 2033 812 2112 Alemoniden.
833 2033 965 2110 Grates
980 2033 1056 2134 ugit
1070 2035 1135 2110 ille
1147 2038 1298 2136 ponenti

413 2163 793 2265 Amphitryonisdae⁸
813 2193 821 2239 :
841 2165 1041 2264 ventisque
1053 2163 1269 2240 faventibus
1282 2191 1414 2264 aequor

411 2298 568 2398 Navigat
580 2299 755 2396 lonium,
770 2295 1176 2396 Lacedaemoniumque
1190 2295 1401 2374 Tarentum

305 2444 323 2472 ⁸
409 2429 599 2528 Praeterit,
615 2442 652 2504 et
660 2429 841 2529 Sybarin,
859 2428 1175 2526 Sallentinumque
1187 2403 1408 2524 Neaelhum,
1452 2443 1458 2452 '

285 2669 290 2676 ὓ
412 2559 684 2659 Thurinosque
696 2559 825 2658 sinus,
840 2559 1101 2662 Temesenque
1118 2569 1156 2632 et
1171 2559 1318 2660 Iapygis
1330 2582 1433 2634 arva.
1563 2591 1564 2596 ¹

387 2719 390 2728 ⁴
412 2689 565 2789 Vixque
578 2691 798 2790 peremtis,
813 2717 899 2790 quae
913 2701 1083 2792 spectant
1093 2687 1221 2786 litora,
1236 2686 1369 2785 terris,

413 2821 568 2895 Invenit
583 2819 727 2895 AEsarei
743 2819 868 2896 fatalia
879 2817 1053 2894 fluminis
1071 2842 1137 2892 ora
1152 2823 1186 2914 ⁸3

412 2947 490 3022 Neo
502 2947 636 3046 procul
648 2947 742 3024 hino
753 2947 968 3046 tumidum,
983 2949 1054 3022 sub
1068 2971 1146 3048 quo
1158 2955 1300 3022 sacrata
1312 2941 1481 3019 Crotonis

414 3076 507 3150 Ossa
519 3077 662 3173 tegebat
674 3076 818 3152 humus
838 3105 846 3152 ε
862 3077 1039 3176 jussaque
1054 3075 1266 3158 ibimoenia
1281 3073 1381 3149 torni

412 3207 607 3308 Condidit,
624 3221 661 3283 et
674 3235 815 3284 nomen
831 3211 1010 3286 tumulati
1023 3211 1141 3287 traxit
1153 3209 1196 3284 in
1211 3209 1359 3284 urbem.

415 3335 521 3412 Talia
537 3340 729 3416 constabat
745 3339 847 3416 certi
862 3340 1071 3440 primordia
1086 3339 1187 3416 famil

417 3467 505 3542 Esse
517 3469 608 3570 loci,
624 3469 830 3570 positioque
842 3469 946 3546 Italis
961 3470 1005 3544 in
1017 3469 1160 3546 finibus
1168 3464 1289 3542 urbis.

462 3687 470 3716 ¹
496 3686 640 3758 Hercule,
651 3685 696 3744 fils
706 3686 890 3757 dulmene,
902 3690 1012 3764 sponse
1024 3683 1265 3760 d'dmphitryon.
1278 3679 1319 3736 1ae
1329 3675 1415 3754 poite
1423 3675 1450 3732 le
1560 3669 1561 3737 l

418 3782 537 3861 disigns
548 3787 625 3844 aussi
634 3805 690 3863 par
700 3787 847 3863 l'epithdte
858 3785 1096 3866 cursetdfistique
1107 3786 1247 3862 claviger,
1260 3797 1349 3856 ptrue
1359 3777 1449 3855 qu'on

418 3885 445 3940 le
459 3887 625 3958 represents
638 3889 719 3946 aame'
732 3887 822 3946 d'une
833 3905 960 3947 manue.

458 3977 1306 4068 ¹L'Esare,rivieredelaCahbveffluitmegselnvillede
1314 3973 1450 4046 Conone.
1559 3981 1560 3996 ¹
