3170 5366
456 523 525 594 272
573 514 657 570 nes
686 483 1382 606 unrnuonruosns'uovmn,
1453 499 1456 504 ’

453 670 517 745 Nil
533 678 670 766 praeter
686 661 856 762 frondes,
875 692 992 762 quare
1005 681 1213 774 peteretur,
1232 679 1405 760 haberet.

452 799 542 872 Haec
557 821 727 894 quoque,
744 820 830 892 quae
846 797 975 886 juncti
986 799 1077 872 vitis
1093 808 1297 902 requiescit
1313 815 1357 888 in
1370 816 1498 914 ulmo,

450 928 583 1002 Sinon
598 938 718 1024 nupta
731 925 848 1022 foret,
864 939 974 1002 tenu
987 933 1168 1009 acclinata
1184 941 1335 1035 jaceret.

449 1055 512 1130 Tu
525 1068 654 1130 tomen
670 1053 843 1152 exemplo
859 1079 939 1128 non
952 1061 1113 1157 tangeris
1127 1068 1273 1144 arboris
1287 1071 1428 1175 hujus,

450 1186 760 1283 Concubitueque
772 1185 890 1284 fugis3
910 1214 979 1262 nec
991 1203 1028 1265 te
1042 1196 1268 1296 conjungere
1284 1229 1409 1280 ouras.

449 1323 575 1418 Atque
589 1320 737 1410 utinam
753 1319 887 1393 velles!
906 1319 1047 1397 Helene
1060 1349 1139 1398 non
1155 1329 1331 1426 pluribus
1349 1347 1446 1410 esset

447 1450 653 1524 sollicitata
666 1449 790 1548 procis
807 1477 815 1522 :
835 1474 905 1522 nec
919 1476 1005 1546 quae
1019 1451 1214 1550 Lapitheia
1228 1464 1353 1536 movit

447 1585 600 1684 Praelia,
619 1610 689 1658 nec
706 1585 847 1680 conjux
864 1582 1007 1658 timidis
1023 1585 1173 1661 audacis
1187 1589 1334 1688 Uiyssei
1352 1601 1376 1669 ¹.

448 1723 560 1798 Nunc
574 1743 744 1817 quoque,
761 1719 849 1791 cum
865 1717 984 1818 fugias
997 1724 1254 1823 averserisque
1271 1741 1460 1827 petentes,

448 1853 554 1929 Mille
569 1850 676 1950 proci
687 1849 870 1946 cupiunt3
889 1860 926 1920 et
940 1849 1195 1950 Semideique,
1214 1857 1384 1955 Deique,

447 1987 496 2059 Et
510 2007 764 2082 quoecumque
777 1993 908 2086 tenent
922 1981 1085 2054 Albanos
1102 1989 1264 2058 numina
1276 2001 1439 2062 montes.

447 2110 521 2184 Sed
535 2123 601 2206 tu,
620 2109 652 2181 si
669 2109 805 2204 sapies,
822 2105 855 2178 si
868 2115 904 2179 te
916 2106 1013 2180 bene
1027 2109 1201 2208 jungere,
1217 2138 1414 2212 anumque

446 2241 556 2315 Hanc
568 2235 701 2311 audire
717 2235 842 2332 voles,
862 2260 948 2333 quae
965 2247 1002 2309 te
1014 2237 1100 2334 plus
1115 2239 1294 2315 omnibus
1311 2243 1407 2342 illis,

343 2427 345 2432 -
446 2374 537 2448 Plus
553 2371 667 2472 qu'om
684 2369 827 2466 eredis,
847 2395 951 2465 amo,
967 2367 1138 2470 vulgares
1151 2374 1262 2470 rejice
1278 2375 1415 2471 taedas3

444 2503 780 2596 Vertumnumque
793 2500 867 2572 tori
880 2500 1026 2574 socium
1039 2503 1111 2576 tibi
1126 2503 1245 2603 delige
1263 2535 1270 2578 :
1286 2533 1357 2604 pro
1373 2533 1454 2605 quo

443 2633 506 2708 Me
513 2659 635 2732 quoq3
645 2631 781 2731 pignus
789 2630 898 2705 habe.
914 2633 1045 2730 Neque
1055 2636 1159 2710 enim
1169 2637 1513 2716 sibinotiorilleost

446 2769 572 2856 Quam
586 2766 685 2841 mihi
704 2793 712 2839 ε
728 2791 798 2838 nec
812 2778 890 2840 toto
904 2768 1043 2864 passim
1056 2795 1172 2868 vagus
1185 2787 1285 2846 errat
1298 2775 1343 2850 in
1353 2777 1457 2852 orbe.

443 2895 535 2970 Heec
546 2896 627 2970 loca
640 2895 717 2970 sola
733 2896 822 2968 colit
839 2923 846 2970 :
865 2923 935 2970 nec
947 2899 1006 2972 uti
1020 2925 1107 2996 pars
1120 2877 1254 3000 mogna
1265 2931 1491 3006 procorum,

446 3023 572 3114 Quom
585 3023 700 3098 modo
713 3023 813 3097 vidit
826 3031 858 3122 ¹,
874 3038 996 3101 amet:
1012 3004 1057 3101 tu
1074 3030 1222 3127 primus
1235 3045 1272 3106 et
1284 3035 1444 3110 ultimus
1459 3039 1518 3112 illi

1520 2705 1530 2740 2

488 3190 498 3219 ¹
527 3187 569 3242 Le
586 3185 692 3244 beaute
709 3203 776 3244 rore
791 3186 828 3244 de
847 3189 992 3266 Penelope
1010 3192 1090 3250 avait
1111 3195 1198 3253 attire
1214 3197 1230 3254 ὲ
1247 3215 1278 3256 so
1293 3217 1370 3258 cour
1385 3201 1486 3262 divers

442 3285 576 3361 princes,
589 3281 659 3358 qui,
673 3280 806 3366 pendent
818 3286 847 3342 lo
859 3288 969 3366 longue
981 3290 1104 3350 absence
1115 3293 1266 3370 d’myoe,
1278 3299 1485 3372 pre'tendoient

443 3384 461 3439 ἐι
474 3383 502 3440 lo
515 3379 595 3438 main
608 3379 645 3436 de
658 3399 713 3437 rou
726 3383 846 3456 epouee.

487 3485 501 3515 ¹
524 3481 570 3537 On
584 3490 691 3536 trouve
707 3479 744 3538 ici
759 3481 876 3540 darnole
892 3485 1011 3544 version
1026 3499 1132 3564 quatre
1147 3508 1213 3550 vers
1229 3493 1284 3569 qui
1297 3514 1335 3552 ue
1350 3511 1419 3555 sont
1430 3517 1485 3574 prs

444 3577 572 3634 traduits
586 3575 722 3634 d’Ovide.
738 3578 812 3636 Mais
823 3597 937 3640 comme
950 3583 985 3640 ils
996 3583 1096 3642 iurent
1106 3588 1210 3664 goutes
1220 3590 1294 3650 dans
1305 3594 1332 3650 le
1344 3605 1417 3653 tems
1427 3617 1485 3673 par

441 3676 484 3734 les
496 3677 643 3734 meilleurs
653 3675 756 3755 juges,
769 3691 798 3736 et
811 3699 870 3756 que
882 3683 976 3741 meme
989 3685 1024 3742 ile
1035 3698 1103 3744 sont
1115 3691 1205 3748 restes
1217 3689 1290 3749 dans
1300 3693 1329 3750 lu
1342 3697 1484 3756 memoire

440 3775 478 3832 de
489 3795 563 3834 ceux
575 3776 627 3852 qui
637 3789 690 3834 ont
700 3767 856 3854 oporoure
865 3801 913 3838 mo
923 3785 1067 3858 premiere
1078 3788 1224 3859 maniere3
1234 3807 1348 3850 comme
1358 3793 1395 3852 ils
1406 3809 1483 3854 vont

440 3896 481 3933 ou
494 3877 571 3951 eujet
581 3889 610 3934 et
625 3897 661 3935 ne
674 3885 801 3938 trainent
811 3883 896 3956 point
908 3904 946 3943 en
956 3887 1122 3969 longueur,
1133 3889 1164 3966 je
1176 3891 1235 3950 n’ai
1244 3910 1298 3970 pu
1310 3913 1366 3956 ctu
1376 3895 1482 3958 devoir

416 3969 419 3973 ’
439 3973 481 4028 les
494 3973 601 4030 essacrr
615 3973 688 4032 dens
703 3978 912 4040 cotteedition.
