3170 5366
404 549 474 623 248
508 562 601 620 uss
631 530 1070 618 ul'rauoarnosas
1102 551 1330 626 o’ovrua,

450 711 619 786 Solvitur
631 703 979 800 herboso'religatus
992 705 1038 774 ab
1052 727 1177 800 aggere
1192 701 1317 796 funis,

400 841 448 914 Et
460 837 592 937 procul
605 835 777 928 insidias,
793 831 1057 927 irrfamataeque
1069 829 1294 926 relinquunt

399 967 514 1040 Tecta
526 969 631 1061 Deae,
645 965 824 1058 lucosque
839 971 991 1058 petunt,
1008 959 1095 1056 ubi,
1113 959 1271 1032 nubilus
1282 956 1445 1052 umbrat,

399 1098 447 1174 ln
461 1123 564 1174 mare
579 1121 668 1171 cum
680 1091 778 1168 flavet
789 1091 1005 1190 prorumpit
1016 1089 1142 1164 Tibris
1156 1087 1289 1163 arent:

401 1227 700 1324 Faunigenaeque
716 1229 725 1260 ¹
744 1221 857 1295 domo
870 1217 1036 1318 potitur,
1051 1220 1212 1317 natique
1225 1215 1373 1314 Intimi3

398 1355 484 1432 Non
496 1356 577 1429 sine
590 1355 708 1428 Marte
720 1363 848 1426 tamen
865 1377 873 1422 ε
889 1349 1032 1422 bellum
1045 1373 1133 1422 cum
1146 1361 1253 1446 gente
1267 1345 1386 1422 feroci

399 1483 633 1580 Suscipitur,
650 1479 831 1579 pactique
846 1477 942 1552 furit
958 1505 1027 1576 pro
1039 1481 1197 1576 conjuge
1211 1477 1382 1552 Turnus.

400 1617 604 1694 Concurrit
616 1615 723 1690 Latio
735 1613 951 1712 Tyrrhenia
965 1624 1042 1686 totu
1062 1640 1070 1684 :
1088 1611 1233 1710 diuque

399 1745 530 1822 Ardua
543 1743 710 1817 sollicitis
726 1741 884 1816 victoria
899 1739 1084 1838 quaeritur
1100 1739 1226 1814 armis.

399 1879 523 1977 Auget
537 1889 698 1974 uterque
712 1901 797 1950 suas
811 1886 969 1948 externo
984 1873 1119 1948 robore
1132 1871 1254 1968 vires3

398 2007 447 2081 Et
463 2005 576 2080 multi
590 2005 769 2102 Rutulos,
785 2005 898 2080 mulu'
909 2003 1072 2100 Trojano
1086 2014 1245 2078 tuentur

339 2199 343 2210 .
399 2139 538 2212 Castra.
557 2137 688 2234 Neque
700 2137 836 2210 AEneas
849 2134 1016 2209 Evandri
1029 2135 1076 2208 ad
1091 2133 1225 2210 limina
1237 2131 1379 2208 frustra
1391 2143 1424 2228 ⁸,

394 2270 450 2366 ,At
461 2266 633 2342 Venulus
644 2292 817 2364 magnam
828 2265 978 2363 profugi
991 2263 1184 2340 Diomedis
1198 2263 1244 2338 ad
1258 2263 1395 2336 urbem
1409 2259 1442 2357 ³,

397 2401 572 2474 Venerat.
588 2398 655 2474 llle
667 2397 823 2494 quidem
836 2398 907 2471 sub
920 2397 1053 2496 Iapyge
1066 2397 1232 2472 maxima
1243 2398 1382 2470 Dauno

398 2527 541 2603 Moenia
553 2527 790 2624 condiderat,
804 2525 1015 2624 dotaliaque
1027 2549 1118 2601 arua
1129 2527 1290 2600 tenebat.

397 2655 469 2729 Sed
484 2653 655 2729 Venulus
668 2653 792 2729 Turni
807 2667 892 2754 post
904 2656 1020 2754 quim
1033 2655 1208 2752 mandata
1220 2655 1379 2756 peregit,

397 2785 674 2883 Auxiliumque
687 2787 802 2884 petit,
819 2787 920 2862 vires
935 2788 1097 2862 AEtolius
1110 2787 1222 2862 heros

400 2892 560 2996 Excusat
577 2945 584 2989 :
600 2941 670 2989 nec
683 2941 722 2989 se
734 2917 852 2990 soceri
865 2918 1099 2992 committere
1110 2942 1245 3016 pugnas

395 3043 500 3146 Velle
516 3044 576 3118 sui
593 3045 750 3140 populos
768 3071 776 3117 ε
792 3071 967 3142 necquos
980 3051 1121 3144 egente
1134 3069 1292 3120 suorum

398 3180 549 3274 Annet,
568 3176 705 3250 habere
719 3179 834 3254 viros.
852 3182 955 3256 Neve
969 3181 1049 3254 haec
1067 3193 1278 3256 commenta
1289 3181 1431 3278 putetis
1440 3216 1453 3280 3
1582 3275 1583 3288 ,

441 3377 451 3408 ⁸
475 3375 576 3432 Latini
590 3375 664 3449 regis
680 3394 718 3432 ex
734 3377 837 3433 Fauno
857 3379 980 3433 uniendi.
999 3380 1073 3436 Haee
1090 3392 1187 3436 eutem
1204 3377 1309 3434 idcirco
1328 3392 1432 3434 narrat

390 3477 483 3548 pnite
488 3512 499 3538 ,
513 3471 693 3528 atrociorem
704 3473 855 3529 Diomedis
864 3475 894 3530 in
907 3493 974 3532 aves
986 3495 1141 3552 cygnorum
1152 3477 1258 3532 sintiles
1269 3489 1430 3533 metamor·-

392 3569 500 3643 pirosin
512 3566 607 3642 apriis
620 3582 771 3625 connectat
782 3587 846 3624 curn
859 3571 1015 3644 superiore.

439 3671 453 3700 ⁸
475 3667 555 3724 Nem
566 3669 700 3724 Evander
707 3670 738 3726 in
751 3669 941 3738 Trojanorum
954 3672 1202 3744 auxiliumfiiium
1215 3674 1292 3730 rusie
1298 3674 1427 3750 Pallen·

396 3780 470 3832 rein,
485 3776 516 3820 ut
527 3784 566 3821 ex
578 3768 706 3824 cantune
721 3769 877 3843 Virgilium
892 3781 935 3824 ert
945 3781 1053 3824 notum.

441 3855 453 3892 ³
477 3862 558 3919 Nem
572 3865 730 3922 Diomedes
741 3886 761 3920 e
775 3867 850 3922 bello
865 3866 990 3937 TroJ'cmo
1003 3883 1128 3924 reversus
1140 3867 1331 3942 inpertiam,
1346 3880 1376 3925 et
1387 3869 1428 3924 ab

395 3959 561 4036 edsugmus
573 3963 610 4022 ob
623 3967 723 4022 exoret
735 3967 954 4042 tupitudinem,
963 3967 1097 4044 pervem‘t
1108 3968 1139 4024 in
1152 3967 1301 4044 Apuliam.
1314 4001 1319 4012 ·
