3216 5344
466 679 547 756 '1'08
589 694 673 754 nas
701 667 1139 786 ndrtuonrao'srs
1170 691 1440 774 novior„

473 845 522 920 Et
534 849 609 943 jam
623 844 815 944 premissi
824 857 998 944 ¹poteram
1015 871 1103 920 oum
1116 847 1228 922 laude
1241 852 1402 926 reverti..

331 975 334 982 ’
473 973 586 1050 Haud
600 987 799 1050 contentus
815 973 877 1072 esi,
893 974 986 1072 petii
1000 975 1163 1048 tentoria
1175 974 1310 1074 Rhesi,

419 1089 422 1098 ’
471 1101 596 1199 Inque
612 1101 689 1175 suis
704 1101 830 1198 ipsum
843 1099 971 1173 castris
988 1100 1217 1200 comitesque
1230 1105 1388 1201 peremi.

473 1231 598 1330 Atque
611 1231 664 1304 ita
678 1230 827 1328 captivo
841 1231 984 1326 victor,
1003 1231 1177 1330 votisque
1189 1235 1352 1332 potitus,

436 1399 441 1408 ·
472 1359 668 1459 ln'gredior
682 1385 817 1455 curru,
833 1359 936 1432 laetos
954 1359 1369 1463 imitante-triumphos.

472 1493 591 1588 Cujus
604 1518 738 1590 equos,
754 1491 921 1590 pretium
933 1517 1004 1589 pro
1016 1505 1125 1566 nocte
1143 1499 1388 1592 ¹‘poposcerat
1401 1487 1545 1596 hostis,

469 1631 586 1706 Anna
599 1627 727 1726 negate
740 1626 840 1701 mihi
856 1655 866 1700 τ
880 1625 1072 1724 fueritque
1086 1627 1285 1726 benignior
1298 1629 1407 1724 Ajax.

519 1762 623 1852 Quid
637 1761 742 1860 Lycii
758 1760 918 1836 referam
934 1761 1159 1859 Sarpedonis
1176 1762 1324 1860 agmina
1336 1761 1438 1839 ferro

466 1897 667 1973 Devastata
682 1895 791 1969 meo?
808 1896 905 1969 Cum
919 1895 1042 1975 multo
1056 1896 1237 1994 sanguine
1252 1893 1338 1968 fudi

468 2025 658 2100 Coeranon
671 2021 884 2122 Iphitiden,
901 2035 938 2096 et
947 2024 1210 2122 Alastoraque,
1228 2017 1553 2124 Chromiumque,

467 2155 746 2255 Alcandrumq5
760 2155 962 2254 Haliumq3
980 2157 1215 2255 Noemonaq3
1232 2155 1516 2256 Prytaninque,

468 2287 673 2384 Exitioque
685 2285 773 2360 dedi
786 2312 874 2360 cum
891 2285 1198 2361 Chersidamante
1213 2283 1392 2382 Thoona,

466 2389 516 2490 Et
529 2415 745 2514 Charopcn,
760 2415 920 2514 fatisque
933 2413 1147 2490 immitibus
1164 2415 1368 2488 Ennomon
1380 2425 1528 2512 actum3

468 2545 624 2642 Quique
637 2546 765 2621 minus
779 2545 940 2620 celebres
954 2545 1082 2618 nostrd
1099 2545 1170 2618 sub
1184 2545 1378 2620 moenibus
1391 2545 1500 2619 urbis

468 2673 708 2752 Procubudre
724 2701 856 2750 manu.
873 2675 973 2748 Sunt
985 2687 1023 2749 et
1038 2673 1138 2750 mihi
1150 2675 1332 2772 vulnera,
1347 2675 1466 2774 cives,

467 2807 555 2904 ipso
566 2807 728 2906 pulchra
742 2809 825 2884 loco
840 2838 848 2884 ε
865 2834 936 2883 nec
948 2809 1056 2883 vanis
1070 2807 1212 2883 credite
1227 2809 1368 2882 verbis.

467 2934 652 3034 Aspicite,
668 2963 716 3010 en
729 2965 737 3010 :
750 2937 988 3035 (vestemque
1002 2963 1120 3013 manu
1129 2936 1300 3037 diducit)
1314 2950 1370 3036 et,
1382 2937 1472 3013 Haec
1484 2949 1574 3012 sunt

467 3065 800 3166 Pectora'semper,
817 3069 887 3168 ait,
904 3072 1041 3145 vestris
1058 3072 1222 3146 exercita
1237 3073 1364 3148 rebus.

468 3195 520 3270 At
535 3195 635 3268 nihil
648 3197 837 3295 imp'endit
853 3225 921 3299 per
936 3213 993 3275 tot
1005 3201 1248 3276 Telamonius
1264 3227 1386 3276 annos

432 3361 453 3374 ··
468 3328 669 3426 Sanguinis
680 3331 721 3404 in
735 3332 875 3430 socios,
887 3345 924 3408 et
936 3333 1050 3409 habet
1063 3334 1145 3408 sine
1157 3334 1318 3410 vulnere
1334 3357 1482 3432 corpus.

470 3459 575 3548 Quid
592 3473 719 3536 tamen
735 3463 808 3537 hoc
821 3465 962 3541 refert?
976 3465 1007 3540 si
1021 3493 1061 3541 se
1072 3493 1143 3565 pro
1160 3465 1272 3540 classe
1284 3463 1434 3562 Pelasgi

471 3593 587 3668 Arma
603 3596 732 3672 tulisse
748 3599 863 3674 refert
876 3613 1007 3676 contra
1020 3601 1213 3698 Troasque
1228 3601 1460 3696 iovemque..-

513 3763 521 3791 ¹
537 3737 642 3816 'Dolon
656 3761 750 3820 s’ttsit
761 3763 814 3821 fait
827 3777 990 3840 promettre
1001 3785 1057 3842 par
1070 3765 1197 3835 Hector,
1209 3753 1291 3841 pour
1303 3765 1512 3839 recompensa,

468 3856 510 3915 les
524 3857 655 3916 cheraux
670 3871 699 3916 et
713 3863 740 3918 le
753 3863 825 3920 char
837 3864 991 3926 d'Achilte.

598 3973 648 4036 Qui
657 3975 794 4037 quondam,
805 3993 885 4028 casm
896 3993 924 4028 ut
932 3977 1052 4030 Damdm
1058 3979 1194 4045 specstant-
1203 3978 1298 4036 diret,

439 4117 444 4127 Ι
535 4121 537 4126 ι
598 4056 676 4103 Ausus
686 4057 776 4108 Peiidae
783 4060 892 4126 pretium
902 4063 1053 4130 stupescere
1063 4079 1152 4110 currus.

812 4141 813 4146 ¹
937 4181 939 4186 ·
1017 4139 1208 4210 tintusgttm
1223 4147 1353 4199 donnino.
