3216 5344
460 536 529 610 144
573 551 656 607 nes
685 521 1127 606 ulruuouruosuo
1157 533 1383 622 momen,

455 695 669 770 Memnonis
682 691 773 764 orba
786 688 862 762 mei
874 685 989 760 venio
1003 713 1011 758 τ
1031 684 1100 782 qui
1112 684 1223 758 fortia
1239 686 1379 762 frustri

456 826 530 900 Pro
546 836 681 921 patruo
698 821 788 894 tulit
800 845 904 892 unna
917 843 1006 912 suo3
1023 817 1232 914 primisque
1245 823 1318 892 sub
1330 821 1435 894 aunis

432 939 434 948 i
457 951 607 1030 Occidit
620 977 643 1022 a
654 947 762 1042 forti,
782 937 835 1019 sic
848 971 914 1020 vos
929 945 1123 1042 voluistis,
1139 946 1298 1020 Achille.

456 1087 532 1180 Da,
548 1107 699 1180 precor,
712 1078 806 1152 huic
820 1077 1006 1174 aliquem,
1022 1077 1152 1150 solatia
1165 1081 1319 1176 mortis,
1337 1077 1527 1172 honorem,

357 1223 358 1228 ’
457 1212 614 1286 Summe
626 1207 752 1283 Derim
766 1218 890 1280 rector
898 1237 908 1304 3
924 1218 1168 1305 maternaque
1182 1209 1343 1283 vulnera
1356 1211 1440 1284 leni.

386 1343 392 1360 “
507 1337 684 1444 luppiter
697 1355 899 1438 annuerat,
916 1344 1005 1414 cum
1021 1343 1235 1418 Memnonis
1248 1344 1391 1418 auluus
1403 1343 1469 1417 alto

410 1541 415 1550 .
432 1558 434 1571 y
458 1476 613 1550 Corruit
627 1475 711 1572 igne
726 1499 855 1570 roguq3
872 1472 1046 1570 nigrique
1059 1474 1256 1548 volumine
1268 1473 1369 1550 fumi

458 1607 625 1684 infecere
640 1607 743 1704 diem
761 1637 768 1680 :
788 1606 909 1680 veluti
925 1609 1014 1680 cum
1030 1607 1192 1682 flumina
1207 1621 1323 1682 natas.

458 1737 648 1812 Exhalent
663 1736 839 1832 nebulas,
855 1762 925 1808 nec
939 1737 993 1810 sol
1007 1734 1222 1812 admittitur
1235 1737 1348 1812 infre.

460 1873 551 1946 Atra
566 1869 695 1942 favilla
706 1869 829 1962 volat,
844 1869 1120 1966 glomerataque
1134 1894 1270 1966 corpus
1284 1867 1327 1938 in
1339 1881 1458 1938 unum

456 2003 666 2095 Densatur3
682 1998 890 2094 faciemque
903 2000 1019 2098 capit,
1035 2000 1231 2108 sumitque,
1240 2000 1400 2072 calorem

458 2133 583 2232 Atque
594 2131 760 2206 animam
776 2139 785 2169 ¹
804 2159 853 2206 ex
866 2133 957 2231 igni.
975 2133 1123 2208 Levites
1137 2161 1205 2208 sua
1216 2132 1380 2230 proebuit
1394 2129 1473 2204 alas.-

351 2275 357 2298 ¹
457 2265 505 2340 Et
520 2265 645 2362 primo
661 2265 795 2339 similis
809 2267 976 2364 volucri,
996 2293 1089 2341 mox
1101 2293 1192 2344 vcra
1207 2266 1375 2342 volucris

457 2395 633 2470 Insonuit
645 2394 781 2490 pennis
800 2396 963 2492 :pariter
976 2398 1137 2496 sonuere
1150 2421 1295 2472 sorores
1338 2463 1342 2469 .
1433 2495 1435 2500 Ι

457 2519 693 2622 Innumerae,
712 2525 852 2622 quibus
866 2537 920 2597 est
933 2523 1062 2598 eadem
1076 2525 1208 2598 natalis
1224 2525 1339 2621 origo.

456 2651 606 2751 Terque
620 2679 753 2750 rogum
767 2653 949 2750 lustrant,
967 2668 1004 2728 et
1018 2681 1205 2730 consonus
1219 2657 1299 2732 exit
1311 2655 1356 2728 in
1370 2677 1472 2727 auree

385 2817 389 2830 ·
455 2781 533 2856 Ter
546 2783 716 2880 clangor:
733 2795 867 2879 quarto
881 2785 1068 2858 seducunt
1084 2799 1201 2860 castre
1213 2787 1355 2861 volatu.

456 2912 559 2986 Tum
573 2911 650 2986 duo
663 2912 813 2987 diverse
825 2916 959 3014 populi
973 2916 1021 2992 de
1037 2933 1142 3018 parte
1158 2919 1298 2992 feroces

456 3039 560 3118 Bella
571 3057 707 3140 gerunt
724 3074 731 3118 :
747 3048 952 3145 rostrisque
965 3062 1002 3124 et
1014 3049 1170 3128 aduncis
1184 3050 1376 3148 unguibus
1389 3051 1459 3156 ires

456 3173 660 3272 Exercent,
676 3177 825 3275 alasque
842 3179 1072 3280 adversaque
1089 3195 1237 3281 pectora
1252 3185 1407 3280 lassent5
1510 3265 1511 3268 Ἴ

456 3307 686 3407 Inferiaeque
701 3313 842 3389 cadunt
859 3318 978 3392 cineri
993 3332 1146 3416 cognata
1161 3320 1307 3418 sepulto

456 3443 640 3538 Corpora,
657 3467 770 3546 seque
785 3447 871 3522 viro
883 3447 973 3522 forti
989 3451 1195 3524 meminere
1210 3463 1361 3524 creatas.

403 3587 421 3614 '2
456 3565 688 3664 Praepetibus
704 3565 839 3646 subitis
853 3599 994 3650 nomen
1010 3575 1098 3651 facit
1112 3591 1242 3678 auctor
1252 3608 1265 3680 ¹:
1281 3581 1327 3652 ab
1341 3577 1421 3672 illo

502 3751 511 3779 ¹
536 3750 609 3807 Scite
626 3735 681 3810 hoc
689 3753 826 3830 fingitur.
842 3759 956 3814 Anima
978 3778 1104 3835 rectaque
1123 3773 1155 3818 ut
1162 3761 1299 3836 flamma
1317 3779 1432 3836 semper
1448 3772 1490 3816 est

456 3849 487 3904 io
506 3863 584 3940 tuom
593 3892 604 3922 ,
626 3855 703 3910 uude
721 3855 961 3934 Philosophorum
984 3863 1105 3938 quidam
1125 3862 1261 3920 dixerunt
1280 3863 1411 3918 animam
1429 3877 1487 3920 esse

455 3963 561 4018 agnem.
