3216 5344
412 539 483 614 156
526 555 610 612 uss
640 529 1082 611 nsrsuonrnoses
1113 557 1341 637 novius,

408 673 553 800 Aspicit
568 730 575 776 :
593 713 630 774 et
642 699 760 775 vitam
773 701 914 797 pariter
928 725 1162 800 regnumque
1175 705 1344 802 reliquit.

408 833 479 930 At,
494 848 608 933 puto,
623 834 822 909 funeribus
835 833 1011 908 dotsbere
1026 840 1058 931 ¹,
1074 835 1175 932 regia
1188 835 1317 935 virg03

408 939 680 1062 Condeturipue
690 977 802 1038 tuum
814 965 1073 1038 monumentis
1089 989 1226 1061 eorpus
1242 966 1366 1039 avitis.

406 1093 589 1171 Nonhaec
602 1103 657 1166 est
669 1093 835 1166 Fortuna
847 1090 995 1166 domin.
1011 1091 1100 1166 Tibi
1112 1119 1273 1169 munera
1285 1095 1417 1169 matris

407 1221 636 1317 Contingent
649 1217 778 1314 fletus,
797 1215 1078 1318 pereglinaequo
1093 1215 1251 1294 haustus
1266 1229 1279 1258 ¹
1295 1247 1437 1296 srenae.¹

408 1351 550 1428 Omnia
562 1349 810 1448 perdidimus.
830 1350 1023 1448 Superest,
1039 1377 1109 1426 cur
1120 1353 1254 1427 vivere
1265 1365 1416 1452 tempus

407 1485 454 1559 In
468 1485 583 1558 breve
599 1481 821 1578 sustineam,
838 1481 961 1578 proles
974 1483 1179 1580 gratissime
1191 1482 1323 1578 matri,

407 1614 519 1690 Nunc
533 1609 681 1710 solus),
700 1611 894 1708 quondam
907 1611 1091 1686 minimus
1106 1611 1152 1685 de
1164 1613 1280 1710 stirpe
1292 1613 1417 1708 virili,

406 1741 483 1824 Has
499 1740 608 1814 datus
622 1739 777 1814 Ismario
791 1739 868 1836 regi
882 1739 1091 1838 Polydorus
1107 1741 1150 1813 in
1166 1767 1262 1816 oras.

406 1871 512 1959 Quid
529 1896 657 1944 moror
670 1870 813 1944 interea
826 1869 993 1943 erudelis
1008 1871 1170 1944 vulnera
1185 1872 1353 1969 lymphis

407 1999 591 2096 Abluere,
610 2010 647 2072 et
660 2023 805 2098 sparsos
818 1999 960 2076 immiti
973 1999 1153 2098 sanguine
1165 2001 1321 2077 vultus?
1351 2034 1355 2042 ·

407 2195 524 2293 vlllss
542 2213 874 2310 Poh‘doriooedem
885 2215 1076 2287 ulciscitur
1084 2215 1247 2288 Hecuba
1260 2241 1272 2285 .·
1285 2227 1451 2326 mutatur

827 2369 868 2414 m
884 2369 1029 2426 canem,

454 2551 602 2624 Drxrr
620 2577 627 2623 :
645 2549 740 2623 etad
755 2551 845 2624 litus
858 2577 969 2648 passu
982 2555 1162 2649 processit
1176 2555 1287 2651 anili,

302 2785 306 2793 Ι
405 2681 583 2756 'Albenses
597 2681 734 2756 laniata
746 2707 880 2756 eomas.
897 2685 1008 2781 Date,
1026 2685 1209 2783 Troades,
1228 2713 1385 2784 urnam,
1453 2741 1459 2754 ·

404 2809 562 2886 Dixerat
574 2809 728 2906 infelix,
743 2810 905 2908 liquidas
918 2811 1089 2887 hauriret
1101 2827 1145 2888 ut
1157 2815 1299 2912 undas,

449 3013 459 3042 ¹
473 3009 671 3082 Exequiurum
681 3009 1337 3071 mrtueribusuelutdotedonaberisEstautem
1345 3016 1439 3071 e'rorsia

407 3102 468 3180 qud
478 3103 623 3178 siguificat
634 3105 754 3160 Hecuba
767 3105 953 3188 Polyxenam
967 3108 1115 3179 etfurten’t
1126 3123 1155 3167 et
1165 3115 1321 3186 sepultum
1331 3113 1439 3169 honore

405 3215 573 3258 canturam.

444 3304 458 3334 ⁸
478 3301 616 3384 Namque
628 3313 704 3362 terra
713 3301 842 3376 primum
855 3303 961 3362 haustu
975 3306 1093 3367 mortuis
1105 3307 1294 3378 rejiciebatur.

446 3395 460 3434 ³
483 3403 529 3457 De
547 3415 588 3457 tot
594 3401 676 3476 filiis
695 3404 766 3457 meis
775 3442 785 3470 ,
806 3405 899 3478 iuquit
916 3405 1055 3473 Hecuba,
1074 3409 1151 3461 solus
1171 3419 1261 3463 restat
1275 3407 1438 3479 Polydorus

405 3497 617 3572 Potrmnestori
625 3499 687 3572 regi
694 3500 919 3556 conrmeudatus.
930 3499 990 3555 Sed
997 3501 1137 3576 decipitur
1144 3503 1249 3576 iuss-lie
1258 3516 1358 3558 mater.
1369 3503 1438 3557 Jcim

405 3595 481 3652 enim
492 3593 511 3648 ci
521 3595 735 3669 Polymnestore
737 3596 845 3666 suerat
853 3598 1016 3670 r'rtterfectus
1022 3601 1080 3656 :de
1088 3619 1145 3675 quo
1154 3603 1195 3657 sic
1204 3603 1336 3680 Virgilius
1345 3602 1440 3664 scribit

403 3697 434 3756 irs
448 3697 528 3752 tertio
543 3697 614 3754 utro
627 3695 784 3757 AEuet'dos.

516 3825 564 3876 Fas
573 3839 644 3874 omne
654 3824 789 3888 abrumpit,
801 3825 945 3888 Pobdorum
957 3825 1099 3884 obtruncat,
1110 3837 1136 3876 et
1143 3843 1205 3876 atu»

516 3903 652 3968 Vipotitur.
665 3905 732 3968 Quid
738 3921 787 3953 nort
798 3905 911 3956 auertatis
916 3917 1018 3972 pacm
1027 3906 1104 3974 ongis,

515 3979 580 4038 Auri
588 3981 765 4046 sacrasamut
