3170 5366
439 621 524 695 πω.
559 638 643 693 uos
674 607 1112 690 urirnnouruosss
1143 629 1375 712 novius,

488 785 628 860 Ultima
640 789 715 882 jam
728 784 842 882 passi,
859 782 1032 877 comites,
1048 781 1223 879 belloque
1238 783 1436 884 fretoque,

439 913 645 1010 Deficiunt,
662 913 856 1009 finemque
866 921 997 1008 rogant
1010 913 1161 984 erroris.
1178 911 1229 986 At
1239 901 1391 989 Acmon

439 1043 623 1118 Fervidus
637 1041 811 1138 ingenio,
828 1051 913 1114 tum
925 1039 1017 1112 vero
1032 1049 1070 1112 et
1082 1038 1251 1114 cladibus
1267 1068 1394 1140 asper,

439 1170 543 1258 Quid
557 1182 745 1269 superest,
761 1167 864 1266 quod
877 1169 955 1263 jam
967 1165 1150 1264 patientia
1165 1181 1291 1243 vestra
1302 1186 1453 1245 recuset

438 1301 567 1397 Ferre,
582 1301 684 1377 viri?
696 1299 808 1373 dixit.
827 1297 931 1385 Quid
942 1296 1057 1371 habet
1069 1298 1273 1397 Cytherea,
1291 1304 1396 1400 quod
1410 1305 1508 1380 ulna

437 1431 542 1504 Velle
554 1441 663 1528 puis,
678 1427 813 1504 faciat?
824 1428 921 1504 Num
935 1427 1030 1502 dum
1043 1431 1171 1526 pejora
1186 1433 1390 1534 timeum,

437 1562 505 1635 Est
520 1561 562 1633 in
579 1573 668 1635 vota
679 1561 784 1633 locus
800 1565 810 1596 ¹
827 1587 835 1632 :
852 1584 933 1674 sors
945 1569 1072 1634 autem
1086 1561 1155 1634 ubi
1168 1561 1329 1660 pessima
1343 1592 1492 1664 rerum,

437 1692 516 1766 Sub
529 1692 689 1790 pedibus
701 1692 816 1764 timor
829 1701 904 1788 est,
919 1716 1124 1790 secureque
1140 1719 1289 1770 summa
1302 1699 1502 1775 malorum.

436 1825 576 1900 Audiat
588 1828 668 1924 ipsa
678 1825 770 1934 licet
785 1855 793 1900 :
810 1826 915 1922 lieet,
930 1839 975 1900 ut
987 1825 1093 1923 facit,
1113 1811 1236 1902 oderit
1252 1857 1384 1906 omnes

437 1956 516 2028 Sub
529 1954 710 2030 Diomede
724 1954 845 2049 viros3
862 1953 995 2028 odium
1008 1965 1135 2027 tamen
1148 1955 1251 2028 illius
1263 1981 1396 2031 omnes

437 2087 680 2186 spernimus,
696 2099 733 2160 et
749 2111 885 2185 magno
898 2096 969 2159 stat
981 2111 1114 2184 magna
1126 2089 1294 2184 potentia
1307 2091 1417 2166 nobis
1429 2103 1456 2165 ’.

484 2219 639 2293 Talibus
652 2219 814 2294 invitam
825 2218 1012 2292 Venerem
1024 2217 1251 2293 Pleuronius
1267 2221 1417 2296 Acmon·

437 2348 652 2424 Instimulat
664 2349 809 2444 verbis,
822 2360 1066 2447 veteremque
1080 2349 1277 2424 resuscitat
1289 2352 1400 2427 imm.

435 2481 544 2555 Dicta
556 2479 704 2578 placent
720 2479 862 2578 paucis.
881 2481 1041 2556 Numeri
1057 2484 1209 2578 majoris
1222 2485 1336 2559 amici

434 2612 603 2687 Acmona
615 2613 842 2712 corripimus
860 2643 868 2688 :
883 2616 947 2690 oui
960 2617 1187 2714 respondere
1199 2619 1349 2716 paranti

435 2744 522 2818 Vox
535 2747 693 2843 pariter,
709 2748 888 2844 vocisque
901 2747 965 2823 via
977 2761 1032 2823 est
1044 2761 1197 2824 tenuata
1213 2777 1222 2822 ε
1239 2775 1434 2848 comaeque

436 2873 484 2949 ln
496 2875 644 2972 plumas
658 2872 799 2954 'abeunt
815 2905 823 2950 :
839 2877 981 2974 plumis
996 2903 1098 2952 nova
1113 2875 1208 2952 oolla
1223 2889 1422 2976 tegrmmr,

482 3042 492 3071 ¹
517 3043 555 3096 In
572 3044 664 3099 soluto
681 3061 812 3099 sermone
826 3043 1006 3100 diceremus:
1020 3045 1097 3100 vou's
1108 3055 1137 3100 et
1143 3043 1282 3118 precibus
1294 3045 1373 3099 locus
1384 3045 1470 3100 relcu-

437 3137 540 3212 quitur.
565 3140 646 3193 Tunc
663 3139 739 3194 etaim
760 3138 890 3196 Ιιοηιίηοε
909 3141 1078 3218 suffugiunt
1092 3141 1136 3197 ad
1144 3159 1269 3216 preces,
1287 3140 1352 3196 crim
1363 3140 1473 3216 pq'oro

435 3235 555 3290 timent:
568 3235 618 3290 ubi
625 3249 721 3292 amin
728 3238 875 3311 pessimus
885 3252 930 3296 est
938 3258 1034 3296 rerum
1045 3252 1153 3308 status,
1167 3237 1241 3295 nuit
1249 3240 1372 3294 &melun

479 3340 491 3368 ¹
511 3335 642 3410 Magno,
661 3337 888 3392 sous-entendez
898 3339 996 3411 pretio
1016 3356 1058 3393 ou
1072 3338 1192 3392 damno.
1209 3335 1291 3392 Cette
1307 3338 1413 3410 penses
1430 3318 1491 3391 αι’

437 3429 719 3508 tris-remarquable
737 3453 792 3508 par
810 3452 864 3490 son
883 3435 1009 3510 enei-gie.
1031 3435 1108 3491 C'est
1126 3431 1201 3489 ainsi
1218 3450 1278 3508 que
1296 3431 1405 3487 Milton
1421 3430 1476 3486 fait

435 3529 529 3606 dirce
541 3532 646 3599 Satan,
658 3549 695 3586 en
707 3531 826 3606 parlant
837 3529 874 3588 de
887 3532 963 3589 Dien
976 3553 983 3587 :
998 3557 1010 3583 «
1024 3531 1049 3587 Il
1060 3549 1137 3589 nous
1149 3549 1167 3586 a
1179 3529 1290 3588 rendm
1303 3529 1328 3587 si
1340 3529 1475 3586 malheu-

437 3649 534 3700 reux,
559 3651 617 3708 que
638 3649 715 3690 nous
739 3632 864 3689 n’avons
885 3631 954 3706 plus
975 3632 993 3689 al
1015 3631 1042 3688 le
1063 3627 1197 3688 crsindre
1220 3652 1244 3685 υ.
1269 3628 1307 3686 Et
1328 3626 1478 3686 Recine&

438 3731 561 3786 Oreste:

581 3844 655 3888 Gracc
667 3859 712 3890 aux
724 3843 814 3903 Dieux,
825 3858 882 3890 mon
893 3843 997 3890 malhenr
1007 3859 1075 3905 pesse
1086 3857 1142 3889 mon
1154 3841 1280 3904 espe'mce
1289 3839 1302 3886 l‘

583 3925 645 3981 oni,
655 3925 679 3983 ie
690 3935 714 3970 te
725 3925 794 3981 lons,
806 3929 822 3971 ὁ
833 3925 894 3980 ciel,
907 3925 936 3972 de
947 3935 971 3971 u
983 3925 1160 3988 persbvdmcs.

585 4010 702 4070 Appliqus
715 4025 767 4056 sans
778 4009 871 4058 rellclrs
883 4026 912 4056 ou
924 4013 975 4058 §oin
986 4011 1016 4057 de
1026 4026 1064 4056 me
1074 4010 1159 4072 punis.

580 4089 617 4138 clu
630 4092 720 4140 semble
732 4093 772 4141 des
784 4094 892 4143 douleors
903 4103 930 4141 tu
939 4095 997 4142 n'es
1007 4095 1049 4142 izit
1060 4093 1177 4157 parvenit.
