<?xml version="1.0" encoding="UTF-8"?>
<!DOCTYPE html PUBLIC "-//W3C//DTD XHTML 1.0 Transitional//EN"
    "http://www.w3.org/TR/xhtml1/DTD/xhtml1-transitional.dtd">
<html xmlns="http://www.w3.org/1999/xhtml" xml:lang="en" lang="en">
 <head>
  <title>
</title>
<meta http-equiv="Content-Type" content="text/html;charset=utf-8" />
  <meta name='ocr-system' content='tesseract 3.04.00' />
  <meta name='ocr-capabilities' content='ocr_page ocr_carea ocr_par ocr_line ocrx_word'/>
</head>
<body>
  <div class='ocr_page' id='page_1' title='image "./lesmtamorphoses03saingoog_0332.png"; bbox 0 0 3170 5366; ppageno 0'>
   <div class='ocr_carea' id='block_1_1' title="bbox 427 499 1358 606">
    <p class='ocr_par' dir='ltr' id='par_1_1' title="bbox 427 499 1358 606">
     <span class='ocr_line' id='line_1_1' title="bbox 427 499 1358 606; baseline -0.013 -10"><span class='ocrx_word' id='word_1_1' title='bbox 427 520 498 596; x_wconf 79' lang='lat'><strong>288</strong></span> <span class='ocrx_word' id='word_1_2' title='bbox 542 531 629 590; x_wconf 78' lang='lat' dir='ltr'><strong>uns</strong></span> <span class='ocrx_word' id='word_1_3' title='bbox 656 499 1096 586; x_wconf 75' lang='lat' dir='ltr'><strong>ndrsnonrnosns</strong></span> <span class='ocrx_word' id='word_1_4' title='bbox 1126 523 1358 606; x_wconf 73' lang='lat' dir='ltr'><strong>movinr,</strong></span> 
     </span>
    </p>
   </div>
   <div class='ocr_carea' id='block_1_2' title="bbox 424 644 1487 2876">
    <p class='ocr_par' dir='ltr' id='par_1_2' title="bbox 424 644 1487 2876">
     <span class='ocr_line' id='line_1_2' title="bbox 424 644 1411 776; baseline -0.007 -16"><span class='ocrx_word' id='word_1_5' title='bbox 424 685 488 760; x_wconf 88' lang='lat' dir='ltr'><strong>Tu</strong></span> <span class='ocrx_word' id='word_1_6' title='bbox 500 681 616 776; x_wconf 87' lang='lat' dir='ltr'><strong>mihi,</strong></span> <span class='ocrx_word' id='word_1_7' title='bbox 636 675 796 752; x_wconf 88' lang='lat' dir='ltr'><strong>concilio</strong></span> <span class='ocrx_word' id='word_1_8' title='bbox 812 669 1006 770; x_wconf 86' lang='lat' dir='ltr'><strong>quondam</strong></span> <span class='ocrx_word' id='word_1_9' title='bbox 1019 644 1204 770; x_wconf 83' lang='lat' dir='ltr'><strong>praeserite</strong></span> <span class='ocrx_word' id='word_1_10' title='bbox 1217 677 1411 773; x_wconf 80' lang='lat' dir='ltr'><strong>Deorum,</strong></span> 
     </span>
     <span class='ocr_line' id='line_1_3' title="bbox 425 783 1487 910; baseline -0.007 -19"><span class='ocrx_word' id='word_1_11' title='bbox 425 815 522 892; x_wconf 86' lang='lat' dir='ltr'><strong>Nam</strong></span> <span class='ocrx_word' id='word_1_12' title='bbox 536 834 726 904; x_wconf 90' lang='lat' dir='ltr'><strong>memoro,</strong></span> <span class='ocrx_word' id='word_1_13' title='bbox 740 804 979 900; x_wconf 78' lang='lat' dir='ltr'><strong>memorique</strong></span> <span class='ocrx_word' id='word_1_14' title='bbox 991 803 1120 910; x_wconf 83' lang='lat' dir='ltr'><strong>animo</strong></span> <span class='ocrx_word' id='word_1_15' title='bbox 1133 807 1197 906; x_wconf 83' lang='lat' dir='ltr'><strong>pia</strong></span> <span class='ocrx_word' id='word_1_16' title='bbox 1206 783 1323 886; x_wconf 85' lang='lat' dir='ltr'><strong>verba</strong></span> <span class='ocrx_word' id='word_1_17' title='bbox 1334 809 1487 904; x_wconf 79' lang='lat' dir='ltr'><strong>notavi,</strong></span> 
     </span>
     <span class='ocr_line' id='line_1_4' title="bbox 426 933 1280 1036; baseline -0.002 -22"><span class='ocrx_word' id='word_1_18' title='bbox 426 941 537 1016; x_wconf 90' lang='lat' dir='ltr'><strong>Unus</strong></span> <span class='ocrx_word' id='word_1_19' title='bbox 550 940 639 1036; x_wconf 87' lang='lat' dir='ltr'><strong>erit,</strong></span> <span class='ocrx_word' id='word_1_20' title='bbox 657 963 774 1034; x_wconf 88' lang='lat' dir='ltr'><strong>quem</strong></span> <span class='ocrx_word' id='word_1_21' title='bbox 785 947 831 1008; x_wconf 92' lang='lat' dir='ltr'><strong>tu</strong></span> <span class='ocrx_word' id='word_1_22' title='bbox 844 933 951 1007; x_wconf 85' lang='lat' dir='ltr'><strong>tolles</strong></span> <span class='ocrx_word' id='word_1_23' title='bbox 963 933 1007 1006; x_wconf 91' lang='lat' dir='ltr'><strong>in</strong></span> <span class='ocrx_word' id='word_1_24' title='bbox 1021 935 1160 1010; x_wconf 69' lang='lat' dir='ltr'><strong>coerula</strong></span> <span class='ocrx_word' id='word_1_25' title='bbox 1176 939 1280 1036; x_wconf 87' lang='lat' dir='ltr'><strong>coeli;</strong></span> 
     </span>
     <span class='ocr_line' id='line_1_5' title="bbox 424 1067 1319 1153; baseline -0.007 -1"><span class='ocrx_word' id='word_1_26' title='bbox 424 1075 581 1153; x_wconf 81' lang='lat' dir='ltr'><strong>Dixisti.</strong></span> <span class='ocrx_word' id='word_1_27' title='bbox 598 1072 691 1146; x_wconf 83' lang='lat' dir='ltr'><strong>Rota</strong></span> <span class='ocrx_word' id='word_1_28' title='bbox 703 1069 753 1142; x_wconf 89' lang='lat' dir='ltr'><strong>sit</strong></span> <span class='ocrx_word' id='word_1_29' title='bbox 764 1067 973 1143; x_wconf 84' lang='lat' dir='ltr'><strong>verborum</strong></span> <span class='ocrx_word' id='word_1_30' title='bbox 985 1093 1136 1144; x_wconf 81' lang='lat' dir='ltr'><strong>summu</strong></span> <span class='ocrx_word' id='word_1_31' title='bbox 1147 1081 1319 1146; x_wconf 89' lang='lat' dir='ltr'><strong>tuorum.</strong></span> 
     </span>
     <span class='ocr_line' id='line_1_6' title="bbox 475 1196 1370 1296; baseline -0.004 -18"><span class='ocrx_word' id='word_1_32' title='bbox 475 1202 626 1278; x_wconf 86' lang='lat' dir='ltr'><strong>Annuit</strong></span> <span class='ocrx_word' id='word_1_33' title='bbox 639 1199 890 1296; x_wconf 85' lang='lat' dir='ltr'><strong>Omnipotens</strong></span> <span class='ocrx_word' id='word_1_34' title='bbox 908 1225 916 1270; x_wconf 92' lang='lat'>:</span> <span class='ocrx_word' id='word_1_35' title='bbox 933 1206 970 1272; x_wconf 91' lang='lat' dir='ltr'><strong>et</strong></span> <span class='ocrx_word' id='word_1_36' title='bbox 982 1196 1151 1272; x_wconf 91' lang='lat' dir='ltr'><strong>nubibus</strong></span> <span class='ocrx_word' id='word_1_37' title='bbox 1165 1203 1251 1272; x_wconf 74' lang='lat' dir='ltr'><strong>aera</strong></span> <span class='ocrx_word' id='word_1_38' title='bbox 1262 1197 1370 1274; x_wconf 79' lang='lat' dir='ltr'><strong>caeeis</strong></span> 
     </span>
     <span class='ocr_line' id='line_1_7' title="bbox 427 1322 1403 1426; baseline -0.007 -16"><span class='ocrx_word' id='word_1_39' title='bbox 427 1331 624 1426; x_wconf 70' lang='lat' dir='ltr'><strong>occultet,</strong></span> <span class='ocrx_word' id='word_1_40' title='bbox 639 1328 862 1423; x_wconf 74' lang='lat' dir='ltr'><strong>tonitruque</strong></span> <span class='ocrx_word' id='word_1_41' title='bbox 879 1335 917 1400; x_wconf 88' lang='lat' dir='ltr'><strong>et</strong></span> <span class='ocrx_word' id='word_1_42' title='bbox 928 1322 1078 1422; x_wconf 85' lang='lat' dir='ltr'><strong>fulgure</strong></span> <span class='ocrx_word' id='word_1_43' title='bbox 1093 1325 1233 1400; x_wconf 88' lang='lat' dir='ltr'><strong>terruit</strong></span> <span class='ocrx_word' id='word_1_44' title='bbox 1244 1325 1403 1402; x_wconf 83' lang='lat' dir='ltr'><strong>Urbem.</strong></span> 
     </span>
     <span class='ocr_line' id='line_1_8' title="bbox 428 1457 1373 1561; baseline -0.011 -19"><span class='ocrx_word' id='word_1_45' title='bbox 428 1465 524 1554; x_wconf 79' lang='lat' dir='ltr'><strong>Quae</strong></span> <span class='ocrx_word' id='word_1_46' title='bbox 541 1463 614 1538; x_wconf 88' lang='lat' dir='ltr'><strong>sibi</strong></span> <span class='ocrx_word' id='word_1_47' title='bbox 630 1463 824 1561; x_wconf 74' lang='lat' dir='ltr'><strong>promissae</strong></span> <span class='ocrx_word' id='word_1_48' title='bbox 837 1457 954 1532; x_wconf 89' lang='lat' dir='ltr'><strong>sensit</strong></span> <span class='ocrx_word' id='word_1_49' title='bbox 965 1457 1052 1531; x_wconf 82' lang='lat' dir='ltr'><strong>data</strong></span> <span class='ocrx_word' id='word_1_50' title='bbox 1064 1457 1169 1556; x_wconf 80' lang='lat' dir='ltr'><strong>signu</strong></span> <span class='ocrx_word' id='word_1_51' title='bbox 1180 1457 1324 1556; x_wconf 75' lang='lat' dir='ltr'><strong>rapine</strong></span> <span class='ocrx_word' id='word_1_52' title='bbox 1339 1465 1373 1558; x_wconf 87' lang='lat'><strong>¹,</strong></span> 
     </span>
     <span class='ocr_line' id='line_1_9' title="bbox 426 1593 1319 1694; baseline -0.015 -19"><span class='ocrx_word' id='word_1_53' title='bbox 426 1599 667 1694; x_wconf 82' lang='lat' dir='ltr'><strong>Innixusque</strong></span> <span class='ocrx_word' id='word_1_54' title='bbox 681 1593 819 1687; x_wconf 79' lang='lat' dir='ltr'><strong>hostes,</strong></span> <span class='ocrx_word' id='word_1_55' title='bbox 836 1615 981 1690; x_wconf 87' lang='lat' dir='ltr'><strong>pressos</strong></span> <span class='ocrx_word' id='word_1_56' title='bbox 994 1601 1145 1664; x_wconf 88' lang='lat' dir='ltr'><strong>temone</strong></span> <span class='ocrx_word' id='word_1_57' title='bbox 1159 1603 1319 1664; x_wconf 85' lang='lat' dir='ltr'><strong>cruento</strong></span> 
     </span>
     <span class='ocr_line' id='line_1_10' title="bbox 425 1719 1387 1826; baseline -0.015 -18"><span class='ocrx_word' id='word_1_58' title='bbox 425 1725 647 1826; x_wconf 82' lang='lat' dir='ltr'><strong>Inpavidus</strong></span> <span class='ocrx_word' id='word_1_59' title='bbox 660 1719 879 1797; x_wconf 81' lang='lat' dir='ltr'><strong>conscendit</strong></span> <span class='ocrx_word' id='word_1_60' title='bbox 892 1747 1008 1818; x_wconf 87' lang='lat' dir='ltr'><strong>equos</strong></span> <span class='ocrx_word' id='word_1_61' title='bbox 1023 1721 1234 1818; x_wconf 82' lang='lat' dir='ltr'><strong>Gradivus,</strong></span> <span class='ocrx_word' id='word_1_62' title='bbox 1252 1733 1290 1795; x_wconf 89' lang='lat' dir='ltr'><strong>et</strong></span> <span class='ocrx_word' id='word_1_63' title='bbox 1305 1721 1387 1795; x_wconf 91' lang='lat' dir='ltr'><strong>ictu</strong></span> 
     </span>
     <span class='ocr_line' id='line_1_11' title="bbox 424 1853 1415 1954; baseline -0.01 -18"><span class='ocrx_word' id='word_1_64' title='bbox 424 1858 602 1954; x_wconf 59' lang='lat' dir='ltr'><strong>Verteris</strong></span> <span class='ocrx_word' id='word_1_65' title='bbox 615 1857 806 1952; x_wconf 82' lang='lat' dir='ltr'><strong>increpuit</strong></span> <span class='ocrx_word' id='word_1_66' title='bbox 823 1882 831 1928; x_wconf 93' lang='lat'>:</span> <span class='ocrx_word' id='word_1_67' title='bbox 847 1877 1090 1951; x_wconf 88' lang='lat' dir='ltr'><strong>pronumque</strong></span> <span class='ocrx_word' id='word_1_68' title='bbox 1103 1879 1171 1952; x_wconf 88' lang='lat' dir='ltr'><strong>per</strong></span> <span class='ocrx_word' id='word_1_69' title='bbox 1184 1859 1270 1927; x_wconf 82' lang='lat' dir='ltr'><strong>e&#39;em</strong></span> <span class='ocrx_word' id='word_1_70' title='bbox 1286 1853 1415 1951; x_wconf 86' lang='lat' dir='ltr'><strong>lapsus</strong></span> 
     </span>
     <span class='ocr_line' id='line_1_12' title="bbox 427 1981 1288 2080; baseline -0.008 -17"><span class='ocrx_word' id='word_1_71' title='bbox 427 1985 605 2064; x_wconf 88' lang='lat' dir='ltr'><strong>Constitit</strong></span> <span class='ocrx_word' id='word_1_72' title='bbox 617 1983 660 2056; x_wconf 92' lang='lat' dir='ltr'><strong>in</strong></span> <span class='ocrx_word' id='word_1_73' title='bbox 674 2007 824 2056; x_wconf 91' lang='lat' dir='ltr'><strong>summo</strong></span> <span class='ocrx_word' id='word_1_74' title='bbox 838 1986 1029 2056; x_wconf 88' lang='lat' dir='ltr'><strong>nemorosi</strong></span> <span class='ocrx_word' id='word_1_75' title='bbox 1045 1981 1138 2056; x_wconf 90' lang='lat' dir='ltr'><strong>colle</strong></span> <span class='ocrx_word' id='word_1_76' title='bbox 1150 1983 1288 2080; x_wconf 79' lang='lat' dir='ltr'><strong>Palatl5</strong></span> 
     </span>
     <span class='ocr_line' id='line_1_13' title="bbox 426 2113 1284 2214; baseline -0.012 -18"><span class='ocrx_word' id='word_1_77' title='bbox 426 2118 735 2214; x_wconf 81' lang='lat' dir='ltr'><strong>Reddentemque</strong></span> <span class='ocrx_word' id='word_1_78' title='bbox 750 2139 819 2188; x_wconf 89' lang='lat' dir='ltr'><strong>suo</strong></span> <span class='ocrx_word' id='word_1_79' title='bbox 834 2116 911 2210; x_wconf 80' lang='lat' dir='ltr'><strong>jorn</strong></span> <span class='ocrx_word' id='word_1_80' title='bbox 923 2115 1023 2212; x_wconf 82' lang='lat' dir='ltr'><strong>regia</strong></span> <span class='ocrx_word' id='word_1_81' title='bbox 1037 2115 1123 2210; x_wconf 80' lang='lat' dir='ltr'><strong>juro</strong></span> <span class='ocrx_word' id='word_1_82' title='bbox 1139 2113 1284 2200; x_wconf 84' lang='lat' dir='ltr'><strong>Quiriti</strong></span> 
     </span>
     <span class='ocr_line' id='line_1_14' title="bbox 426 2222 1314 2344; baseline -0.006 -18"><span class='ocrx_word' id='word_1_83' title='bbox 426 2248 594 2326; x_wconf 89' lang='lat' dir='ltr'><strong>Abstulit</strong></span> <span class='ocrx_word' id='word_1_84' title='bbox 608 2222 764 2323; x_wconf 80' lang='lat' dir='ltr'><strong>Iliaden.</strong></span> <span class='ocrx_word' id='word_1_85' title='bbox 785 2247 932 2344; x_wconf 86' lang='lat' dir='ltr'><strong>Corpus</strong></span> <span class='ocrx_word' id='word_1_86' title='bbox 944 2246 1103 2320; x_wconf 84' lang='lat' dir='ltr'><strong>mortale</strong></span> <span class='ocrx_word' id='word_1_87' title='bbox 1118 2271 1188 2344; x_wconf 89' lang='lat' dir='ltr'><strong>per</strong></span> <span class='ocrx_word' id='word_1_88' title='bbox 1203 2271 1314 2322; x_wconf 82' lang='lat' dir='ltr'><strong>suras</strong></span> 
     </span>
     <span class='ocr_line' id='line_1_15' title="bbox 425 2379 1296 2479; baseline -0.002 -23"><span class='ocrx_word' id='word_1_89' title='bbox 425 2381 625 2479; x_wconf 85' lang='lat' dir='ltr'><strong>Dilapsum</strong></span> <span class='ocrx_word' id='word_1_90' title='bbox 640 2391 773 2455; x_wconf 88' lang='lat' dir='ltr'><strong>tenues</strong></span> <span class='ocrx_word' id='word_1_91' title='bbox 790 2409 798 2454; x_wconf 93' lang='lat'><strong>:</strong></span> <span class='ocrx_word' id='word_1_92' title='bbox 813 2405 884 2454; x_wconf 92' lang='lat' dir='ltr'><strong>ceu</strong></span> <span class='ocrx_word' id='word_1_93' title='bbox 896 2379 970 2453; x_wconf 76' lang='lat' dir='ltr'><strong>lats</strong></span> <span class='ocrx_word' id='word_1_94' title='bbox 983 2379 1161 2478; x_wconf 86' lang='lat' dir='ltr'><strong>plumbea</strong></span> <span class='ocrx_word' id='word_1_95' title='bbox 1173 2379 1296 2456; x_wconf 64' lang='lat' dir='ltr'><strong>fundi</strong></span> 
     </span>
     <span class='ocr_line' id='line_1_16' title="bbox 425 2509 1265 2610; baseline -0.005 -22"><span class='ocrx_word' id='word_1_96' title='bbox 425 2511 540 2588; x_wconf 84' lang='lat' dir='ltr'><strong>Missa</strong></span> <span class='ocrx_word' id='word_1_97' title='bbox 552 2512 644 2586; x_wconf 88' lang='lat' dir='ltr'><strong>solet</strong></span> <span class='ocrx_word' id='word_1_98' title='bbox 655 2511 781 2586; x_wconf 91' lang='lat' dir='ltr'><strong>medio</strong></span> <span class='ocrx_word' id='word_1_99' title='bbox 794 2511 897 2610; x_wconf 81' lang='lat' dir='ltr'><strong>glans</strong></span> <span class='ocrx_word' id='word_1_100' title='bbox 914 2509 1144 2584; x_wconf 83' lang='lat' dir='ltr'><strong>intabescere</strong></span> <span class='ocrx_word' id='word_1_101' title='bbox 1155 2509 1265 2584; x_wconf 90' lang='lat' dir='ltr'><strong>ooelo.</strong></span> 
     </span>
     <span class='ocr_line' id='line_1_17' title="bbox 426 2644 1312 2744; baseline -0.006 -21"><span class='ocrx_word' id='word_1_102' title='bbox 426 2647 592 2723; x_wconf 87' lang='lat' dir='ltr'><strong>Pulchra</strong></span> <span class='ocrx_word' id='word_1_103' title='bbox 607 2648 710 2722; x_wconf 89' lang='lat' dir='ltr'><strong>subit</strong></span> <span class='ocrx_word' id='word_1_104' title='bbox 722 2647 849 2744; x_wconf 82' lang='lat' dir='ltr'><strong>facies,</strong></span> <span class='ocrx_word' id='word_1_105' title='bbox 866 2657 904 2719; x_wconf 91' lang='lat' dir='ltr'><strong>et</strong></span> <span class='ocrx_word' id='word_1_106' title='bbox 916 2645 1185 2744; x_wconf 87' lang='lat' dir='ltr'><strong>pulvinaribus</strong></span> <span class='ocrx_word' id='word_1_107' title='bbox 1200 2644 1312 2718; x_wconf 80' lang='lat' dir='ltr'><strong>ultis¹</strong></span> 
     </span>
     <span class='ocr_line' id='line_1_18' title="bbox 425 2773 1278 2876; baseline -0.008 -21"><span class='ocrx_word' id='word_1_108' title='bbox 425 2777 603 2876; x_wconf 85' lang='lat' dir='ltr'><strong>Dignior,</strong></span> <span class='ocrx_word' id='word_1_109' title='bbox 618 2789 656 2850; x_wconf 93' lang='lat' dir='ltr'><strong>et</strong></span> <span class='ocrx_word' id='word_1_110' title='bbox 668 2775 790 2873; x_wconf 81' lang='lat' dir='ltr'><strong>qualis</strong></span> <span class='ocrx_word' id='word_1_111' title='bbox 803 2775 960 2850; x_wconf 83' lang='lat' dir='ltr'><strong>trabeati</strong></span> <span class='ocrx_word' id='word_1_112' title='bbox 973 2773 1096 2850; x_wconf 88' lang='lat' dir='ltr'><strong>forms</strong></span> <span class='ocrx_word' id='word_1_113' title='bbox 1109 2773 1278 2861; x_wconf 90' lang='lat' dir='ltr'><strong>Quirini.</strong></span> 
     </span>
    </p>
   </div>
   <div class='ocr_carea' id='block_1_3' title="bbox 425 2987 1467 3064">
    <p class='ocr_par' dir='ltr' id='par_1_3' title="bbox 425 2987 1467 3064">
     <span class='ocr_line' id='line_1_19' title="bbox 425 2987 1467 3064; baseline 0 0"><span class='ocrx_word' id='word_1_114' title='bbox 425 2987 539 3064; x_wconf 88' lang='lat' dir='ltr'><strong>XVI.</strong></span> <span class='ocrx_word' id='word_1_115' title='bbox 565 2988 833 3062; x_wconf 81' lang='lat' dir='ltr'><strong>Annnmerata</strong></span> <span class='ocrx_word' id='word_1_116' title='bbox 843 2989 932 3060; x_wconf 79' lang='lat' dir='ltr'><strong>Diis</strong></span> <span class='ocrx_word' id='word_1_117' title='bbox 943 2987 1014 3062; x_wconf 83' lang='lat' dir='ltr'><strong>sub</strong></span> <span class='ocrx_word' id='word_1_118' title='bbox 1026 2989 1110 3061; x_wconf 83' lang='lat' dir='ltr'><strong>Oroe</strong></span> <span class='ocrx_word' id='word_1_119' title='bbox 1121 2991 1269 3062; x_wconf 82' lang='lat' dir='ltr'><strong>nomine</strong></span> <span class='ocrx_word' id='word_1_120' title='bbox 1282 2989 1467 3064; x_wconf 77' lang='lat' dir='ltr'><strong>Hersilia.</strong></span> 
     </span>
    </p>
   </div>
   <div class='ocr_carea' id='block_1_4' title="bbox 424 3199 1422 3562">
    <p class='ocr_par' dir='ltr' id='par_1_4' title="bbox 424 3199 1422 3562">
     <span class='ocr_line' id='line_1_20' title="bbox 473 3199 1422 3300; baseline 0.002 -28"><span class='ocrx_word' id='word_1_121' title='bbox 473 3199 654 3274; x_wconf 73' lang='lat' dir='ltr'><strong>annsr</strong></span> <span class='ocrx_word' id='word_1_122' title='bbox 668 3212 714 3273; x_wconf 90' lang='lat' dir='ltr'><strong>ut</strong></span> <span class='ocrx_word' id='word_1_123' title='bbox 725 3199 906 3274; x_wconf 83' lang='lat' dir='ltr'><strong>emissum</strong></span> <span class='ocrx_word' id='word_1_124' title='bbox 922 3201 1082 3298; x_wconf 87' lang='lat' dir='ltr'><strong>conjux,</strong></span> <span class='ocrx_word' id='word_1_125' title='bbox 1099 3203 1188 3276; x_wconf 73' lang='lat' dir='ltr'><strong>clim</strong></span> <span class='ocrx_word' id='word_1_126' title='bbox 1204 3201 1304 3300; x_wconf 87' lang='lat' dir='ltr'><strong>regia</strong></span> <span class='ocrx_word' id='word_1_127' title='bbox 1319 3199 1422 3276; x_wconf 85' lang='lat' dir='ltr'><strong>June</strong></span> 
     </span>
     <span class='ocr_line' id='line_1_21' title="bbox 424 3329 1287 3408; baseline 0 0"><span class='ocrx_word' id='word_1_128' title='bbox 424 3331 507 3408; x_wconf 86' lang='lat' dir='ltr'><strong>trin</strong></span> <span class='ocrx_word' id='word_1_129' title='bbox 520 3330 566 3403; x_wconf 85' lang='lat' dir='ltr'><strong>ed</strong></span> <span class='ocrx_word' id='word_1_130' title='bbox 581 3329 781 3405; x_wconf 83' lang='lat' dir='ltr'><strong>Hersiliam</strong></span> <span class='ocrx_word' id='word_1_131' title='bbox 793 3331 1018 3406; x_wconf 86' lang='lat' dir='ltr'><strong>descendere</strong></span> <span class='ocrx_word' id='word_1_132' title='bbox 1033 3332 1154 3408; x_wconf 88' lang='lat' dir='ltr'><strong>limite</strong></span> <span class='ocrx_word' id='word_1_133' title='bbox 1166 3359 1287 3408; x_wconf 86' lang='lat' dir='ltr'><strong>curvo</strong></span> 
     </span>
     <span class='ocr_line' id='line_1_22' title="bbox 424 3445 1314 3562; baseline -0.004 -22"><span class='ocrx_word' id='word_1_134' title='bbox 424 3463 590 3561; x_wconf 84' lang='lat' dir='ltr'><strong>Imperat</strong></span> <span class='ocrx_word' id='word_1_135' title='bbox 598 3521 610 3562; x_wconf 88' lang='lat'>‚</span> <span class='ocrx_word' id='word_1_136' title='bbox 625 3474 664 3535; x_wconf 88' lang='lat' dir='ltr'><strong>et</strong></span> <span class='ocrx_word' id='word_1_137' title='bbox 677 3485 808 3536; x_wconf 85' lang='lat' dir='ltr'><strong>vacuae</strong></span> <span class='ocrx_word' id='word_1_138' title='bbox 825 3463 958 3535; x_wconf 81' lang='lat' dir='ltr'><strong>suasio</strong></span> <span class='ocrx_word' id='word_1_139' title='bbox 974 3461 1148 3536; x_wconf 81' lang='lat' dir='ltr'><strong>mandata</strong></span> <span class='ocrx_word' id='word_1_140' title='bbox 1162 3445 1314 3536; x_wconf 67' lang='lat' dir='ltr'><strong>referre.</strong></span> 
     </span>
    </p>
   </div>
   <div class='ocr_carea' id='block_1_5' title="bbox 423 3662 1461 4039">
    <p class='ocr_par' dir='ltr' id='par_1_5' title="bbox 471 3662 1404 3739">
     <span class='ocr_line' id='line_1_23' title="bbox 471 3662 1404 3739; baseline 0.001 -22"><span class='ocrx_word' id='word_1_141' title='bbox 471 3665 482 3696; x_wconf 87' lang='lat'><strong>¹</strong></span> <span class='ocrx_word' id='word_1_142' title='bbox 506 3662 623 3739; x_wconf 64' lang='lat' dir='ltr'><strong>tb’gnum</strong></span> <span class='ocrx_word' id='word_1_143' title='bbox 641 3664 778 3739; x_wconf 81' lang='lat' dir='ltr'><strong>rapiendi</strong></span> <span class='ocrx_word' id='word_1_144' title='bbox 790 3663 907 3719; x_wconf 80' lang='lat' dir='ltr'><strong>Romuli</strong></span> <span class='ocrx_word' id='word_1_145' title='bbox 921 3681 939 3718; x_wconf 86' lang='lat' dir='ltr'><strong>e</strong></span> <span class='ocrx_word' id='word_1_146' title='bbox 955 3663 1037 3719; x_wconf 79' lang='lat' dir='ltr'><strong>tern&#39;s</strong></span> <span class='ocrx_word' id='word_1_147' title='bbox 1051 3663 1082 3718; x_wconf 78' lang='lat' dir='ltr'><strong>in</strong></span> <span class='ocrx_word' id='word_1_148' title='bbox 1098 3663 1204 3718; x_wconf 71' lang='lat' dir='ltr'><strong>coelum</strong></span> <span class='ocrx_word' id='word_1_149' title='bbox 1213 3662 1404 3736; x_wconf 78' lang='lat' dir='ltr'><strong>promissum.</strong></span> 
     </span>
    </p>

    <p class='ocr_par' dir='ltr' id='par_1_6' title="bbox 423 3759 1461 4039">
     <span class='ocr_line' id='line_1_24' title="bbox 467 3759 1461 3838; baseline 0.002 -22"><span class='ocrx_word' id='word_1_150' title='bbox 467 3766 481 3796; x_wconf 83' lang='lat'><strong>¹</strong></span> <span class='ocrx_word' id='word_1_151' title='bbox 494 3762 705 3818; x_wconf 77' lang='lat' dir='ltr'><strong>Pulvinoribus.</strong></span> <span class='ocrx_word' id='word_1_152' title='bbox 714 3761 875 3818; x_wconf 75' lang='lat' dir='ltr'><strong>C&#39;dtaitdes</strong></span> <span class='ocrx_word' id='word_1_153' title='bbox 882 3761 997 3836; x_wconf 72' lang='lat' dir='ltr'><strong>espbces</strong></span> <span class='ocrx_word' id='word_1_154' title='bbox 1007 3761 1043 3819; x_wconf 90' lang='lat' dir='ltr'><strong>de</strong></span> <span class='ocrx_word' id='word_1_155' title='bbox 1050 3761 1098 3817; x_wconf 87' lang='lat' dir='ltr'><strong>lits</strong></span> <span class='ocrx_word' id='word_1_156' title='bbox 1105 3759 1269 3836; x_wconf 84' lang='lat' dir='ltr'><strong>deparade,</strong></span> <span class='ocrx_word' id='word_1_157' title='bbox 1277 3780 1329 3818; x_wconf 83' lang='lat' dir='ltr'><strong>sur</strong></span> <span class='ocrx_word' id='word_1_158' title='bbox 1336 3759 1461 3838; x_wconf 77' lang='lat' dir='ltr'><strong>lesquels</strong></span> 
     </span>
     <span class='ocr_line' id='line_1_25' title="bbox 426 3861 1461 3944; baseline 0.002 -26"><span class='ocrx_word' id='word_1_159' title='bbox 426 3879 467 3918; x_wconf 89' lang='lat' dir='ltr'><strong>on</strong></span> <span class='ocrx_word' id='word_1_160' title='bbox 479 3861 611 3936; x_wconf 78' lang='lat' dir='ltr'><strong>exposuit</strong></span> <span class='ocrx_word' id='word_1_161' title='bbox 623 3863 664 3919; x_wconf 87' lang='lat' dir='ltr'><strong>les</strong></span> <span class='ocrx_word' id='word_1_162' title='bbox 677 3873 788 3918; x_wconf 82' lang='lat' dir='ltr'><strong>statues</strong></span> <span class='ocrx_word' id='word_1_163' title='bbox 799 3863 850 3922; x_wconf 85' lang='lat' dir='ltr'><strong>des</strong></span> <span class='ocrx_word' id='word_1_164' title='bbox 863 3863 952 3924; x_wconf 85' lang='lat' dir='ltr'><strong>dieux</strong></span> <span class='ocrx_word' id='word_1_165' title='bbox 964 3865 981 3924; x_wconf 79' lang='lat' dir='ltr'><strong>tl</strong></span> <span class='ocrx_word' id='word_1_166' title='bbox 992 3865 1021 3924; x_wconf 85' lang='lat' dir='ltr'><strong>la</strong></span> <span class='ocrx_word' id='word_1_167' title='bbox 1031 3862 1204 3923; x_wconf 72' lang='lat' dir='ltr'><strong>veneratiou</strong></span> <span class='ocrx_word' id='word_1_168' title='bbox 1215 3861 1375 3944; x_wconf 82' lang='lat' dir='ltr'><strong>publique,</strong></span> <span class='ocrx_word' id='word_1_169' title='bbox 1387 3861 1461 3922; x_wconf 77' lang='lat' dir='ltr'><strong>dans</strong></span> 
     </span>
     <span class='ocr_line' id='line_1_26' title="bbox 423 3960 793 4039; baseline 0.016 -23"><span class='ocrx_word' id='word_1_170' title='bbox 423 3960 465 4017; x_wconf 83' lang='lat' dir='ltr'><strong>les</strong></span> <span class='ocrx_word' id='word_1_171' title='bbox 476 3961 602 4039; x_wconf 78' lang='lat' dir='ltr'><strong>grandes</strong></span> <span class='ocrx_word' id='word_1_172' title='bbox 615 3962 793 4022; x_wconf 70' lang='lat' dir='ltr'><strong>solemnius.</strong></span> 
     </span>
    </p>
   </div>
   <div class='ocr_carea' id='block_1_6' title="bbox 0 0 1590 5366">
    <p class='ocr_par' dir='ltr' id='par_1_7' title="bbox 0 0 1590 5366">
     <span class='ocr_line' id='line_1_27' title="bbox 0 0 1590 5366; baseline 0 0"><span class='ocrx_word' id='word_1_173' title='bbox 0 0 1590 5366; x_wconf 95' lang='lat' dir='ltr'><strong> </strong></span> 
     </span>
    </p>
   </div>
  </div>
 </body>
</html>
