3216 5344
403 466 405 479 ἢ
469 503 539 578 128
581 515 667 572 urs
697 483 1135 568 utrsuonruosus
1163 504 1393 587 uovrnu,

364 729 370 758 Σ
478 725 482 732 .
514 651 833 757 Immemoresque
845 657 921 732 mei
930 655 1142 754 disceditis,
1156 657 1286 756 inquit
1292 717 1303 756 ,
1320 658 1489 733 Achivi?

368 759 371 769 .
467 797 923 890 Obrutequeestmecum
937 788 1093 862 virtutis
1105 789 1222 886 gratia
1237 792 1398 865 nostrae?

464 927 522 1002 Ne
534 923 643 998 facite
654 933 791 1018 :utque
805 943 940 992 meum>
948 943 1027 992 non
1041 897 1090 990 sit
1103 917 1185 991 sine
1197 919 1345 994 honore
1354 919 1590 1018 sepulcrum,

466 1057 591 1132 Placet
603 1049 791 1130 Achilldos
807 1059 966 1126 mactata
978 1045 1160 1122 Polixenu
1172 1075 1314 1126 manes.

514 1185 625 1264 Dixit
641 1214 649 1260 :
665 1195 720 1279 et,
736 1181 878 1256 immiti
892 1181 1001 1255 sociis
1013 1183 1234 1278 parentibus
1251 1183 1422 1278 Umbrae‚

465 1319 587 1417 Rupta
599 1317 689 1391 sinu
702 1316 853 1413 matris,
869 1339 986 1413 quam
1001 1316 1078 1410 jam
1091 1341 1208 1414 prope
1225 1315 1304 1389 solu
1315 1314 1488 1411 fovebat,

465 1451 607 1546 Fortis,
624 1458 661 1521 et
672 1445 826 1542 infelix,
842 1456 881 1518 et
891 1445 978 1543 plus
993 1446 1109 1543 quim
1121 1445 1296 1545 foemina,
1313 1445 1438 1542 virgo,

465 1583 631 1662 Ducitur¹
645 1580 693 1656 ad
704 1580 921 1676 tumulum,
937 1577 1098 1676 diroque
1110 1577 1154 1652 fit
1167 1578 1290 1653 hostia
1302 1581 1426 1654 busto.

465 1712 562 1800 Quae
575 1734 722 1784 memor
735 1707 815 1804 ipsu
831 1706 910 1802 sui,
927 1717 1013 1803 post
1026 1705 1143 1802 quim
1158 1703 1375 1780 crudelibus
1390 1705 1468 1780 aris

464 1841 627 1918 Admota
643 1850 718 1936 est,
736 1839 928 1936 sensitque
940 1837 1013 1910 sibi
1027 1837 1106 1912 fere
1119 1863 1221 1911 secra
1233 1839 1376 1935 pamri3

464 1971 594 2069 thue
605 1970 892 2068 Neoptolemum
905 1981 1083 2064 stantem,
1102 1969 1324 2066 ferrumque
1336 1981 1550 2067 tenentem,

442 2131 446 2142 ⁴
463 2097 588 2199 Inque
603 2125 672 2174 suo
688 2098 788 2172 vidit
803 2097 979 2196 figentem
994 2098 1143 2172 lumina
1155 2097 1289 2194 vultu3
1331 2089 1332 2092 ¹

464 2230 579 2304 Utere
591 2228 817 2326 jamdudum
829 2255 1007 2328 generoso
1024 2229 1223 2325 sanguine,
1241 2229 1353 2302 dixit.

382 2377 386 2388 '
464 2361 578 2438 Nulla
591 2386 698 2436 mora
711 2373 766 2434 est
777 2390 784 2435 :
794 2371 833 2435 at
842 2373 886 2434 tu
899 2362 1048 2459 jugul0,
1064 2361 1127 2434 vel
1137 2373 1308 2458 pectore,
1323 2359 1468 2436 fenum

429 2535 444 2558 ι
465 2491 594 2576 Conde
606 2517 690 2566 meo
708 2519 715 2564 :
730 2491 980 2588 jugulumque
994 2489 1109 2562 simul
1125 2501 1331 2586 pectusque
1343 2489 1493 2563 retexit.

465 2621 613 2696 Scilicet
624 2634 692 2695 aut
705 2615 777 2694 ulli
789 2623 932 2694 servire
941 2621 1126 2726 'Polixena
1142 2620 1299 2718 ferrem,

383 2737 384 2745 ἵ
466 2752 544 2826 Aut
559 2777 627 2848 per
640 2751 712 2824 tale
729 2777 877 2825 sacrum
892 2776 1038 2823 numen
1053 2751 1263 2848 placabitur
1279 2749 1414 2844 ullum.

464 2881 567 2956 Mors
582 2883 732 2954 tantum
745 2883 882 2956 vellem
895 2893 1054 2954 matrem
1069 2907 1151 2955 mea
1166 2880 1292 2954 fellere
1308 2891 1440 2978 posset.

465 3013 584 3089 Mater
594 3014 717 3110 obest,
733 3013 951 3110 minuitque
965 3012 1067 3086 necis
1080 3011 1177 3086 mihi
1189 3011 1340 3110 gaudia:
1353 3011 1528 3110 quamvis

465 3143 552 3218 Non
565 3169 648 3216 mea
661 3169 763 3218 mors
776 3144 855 3240 illi,
870 3146 1008 3218 verum
1026 3171 1093 3218 suc
1106 3146 1185 3219 vita
1198 3147 1379 3245 gemenda
1395 3157 1461 3220 est.

465 3279 542 3352 Vos
554 3277 685 3375 modo,
701 3303 750 3348 ne
764 3277 908 3376 Stygios
921 3279 1051 3354 adeam
1064 3306 1143 3355 non
1157 3282 1274 3356 libem
1288 3283 1431 3378 Manes,

465 3410 552 3484 Este
567 3409 719 3507 procul,
739 3409 769 3482 si
780 3407 978 3508 justa'peto
995 3425 1195 3510 :tactuque
1209 3413 1338 3487 viriles
1355 3419 1366 3481 ¹.
1434 3465 1438 3472 -

465 3537 643 3636 Virgineo
659 3552 849 3614 removete
866 3567 1013 3617 manus.
1033 3541 1229 3640 Acceptior
1241 3542 1317 3642 illi,

467 3667 649 3766 Quisquis
660 3670 692 3743 is
706 3683 780 3768 est,
799 3699 913 3770 quem
927 3673 1027 3746 caede
1043 3675 1126 3748 met
1138 3675 1284 3772 placare
1300 3673 1455 3772 paratis,

509 3851 520 3914 ξ,
541 3849 621 3907 Dans
631 3849 801 3927 l’Iphigenie
812 3851 848 3910 dc
858 3855 978 3948 Recine,
989 3853 1121 3929 Eriphlle
1132 3855 1175 3914 dit
1185 3855 1220 3914 de
1231 3856 1324 3915 meme
1336 3856 1353 3915 i
1364 3842 1497 3914 calchas}

695 3979 794 4036 Anile,
810 3991 831 4027 et
846 3997 875 4028 ne
889 3981 1040 4045 m'epproclrr
1054 3999 1105 4046 prs.
