3178 5350
441 545 512 634 166
559 571 645 632 nas
674 541 1110 632 niranonrnosns
1141 567 1369 648 n’ovtos,

439 719 524 814 Ipsa
536 731 620 790 tuas
633 713 808 807 damnes,
826 722 863 784 et
876 735 938 786 me
953 709 1116 784 retinere
1127 711 1286 788 labores.

439 848 539 922 Sunt
551 847 669 942 mihi,
684 869 770 941 pars
782 841 941 938 montis,
957 841 1050 916 vivo
1064 844 1267 940 pendentia
1283 855 1396 924 sarno¹

439 978 580 1074 Antra,
598 974 738 1072 quibus
752 999 821 1047 neo
835 971 897 1046 Sol
913 964 1039 1048 me'dio
1053 973 1217 1048 sentitur
1228 975 1271 1052 in
1288 988 1397 1074 astu,

439 1113 516 1188 Nec
528 1111 692 1190 sentitur
706 1107 829 1184 hiems
848 1117 963 1184 :sunt
978 1133 1091 1205 poma
1103 1108 1296 1206 gravantia
1309 1135 1431 1184 ramos
1438 1139 1454 1208 ;

440 1239 540 1314 Sunt
555 1267 649 1316 auro
663 1237 803 1314 similes
817 1237 936 1334 longis
952 1237 995 1314 in
1009 1235 1154 1314 vitibus
1169 1263 1257 1312 uvae
1265 1267 1276 1334 3
1323 1235 1326 1244 '

440 1371 540 1446 Sunt
553 1381 589 1444 st
603 1391 832 1467 purpureae:
848 1365 918 1440 tibi
932 1341 1050 1444 ethes
1063 1389 1255 1442 servamus
1267 1365 1407 1442 stillas.

439 1505 523 1604 lpsa
536 1504 615 1576 tuis
627 1502 824 1598 manibus,
842 1498 1006 1576 silvestri
1021 1511 1107 1574 nata
1121 1499 1192 1574 sub
1210 1497 1364 1596 umbrat,

439 1635 569 1712 Mollia
584 1635 685 1733 fraga
698 1635 794 1733 leges
813 1663 820 1708 :
840 1633 920 1732 ipsa
932 1631 1167 1708 autumnalia
1182 1657 1315 1728 eorna,

439 1767 663 1862 Prunaque,
682 1789 762 1836 non
779 1763 902 1839 solum
915 1763 1023 1860 nigro
1039 1763 1197 1837 liventia
1212 1789 1342 1862 suooo,

439 1895 710 1970 verumetiam
725 1919 920 1992 generosa,
937 1921 1128 1991 novasque
1145 1894 1332 1968 imitantia
1346 1920 1457 1970 ceras.

439 2025 516 2100 Nec
531 2022 604 2098 tibi
616 2035 813 2118 castaneae,
829 2048 890 2096 me
903 2024 1079 2121 eonjuge,
1095 2049 1164 2098 nec
1177 2025 1247 2098 tibi
1263 2025 1424 2100 deerunt

439 2155 600 2230 Arbutei
615 2161 628 2194 ¹
644 2153 770 2228 loetus.
787 2155 923 2229 Omnis
935 2155 1007 2228 tibi
1020 2154 1158 2228 serviet
1174 2157 1295 2231 subm.

487 2285 687 2385 Hospecus
694 2313 806 2360 omne
814 2312 942 2360 meum
950 2287 1254 2387 est:multaequoq
1260 2291 1436 2386 ,vallibus
1443 2297 1569 2384 errant,

440 2417 578 2492 Multas
591 2418 687 2492 silva
699 2419 788 2516 tegit
798 2448 804 2494 :
814 2419 945 2492 multae
960 2420 1196 2494 stabulantur
1208 2421 1250 2494 in
1265 2425 1383 2498 antris
1394 2423 1419 2499 ³.

436 2548 532 2645 Nec,
547 2549 580 2624 si
594 2548 690 2623 forte
703 2577 825 2648 roges,
842 2549 982 2646 possim
996 2549 1068 2623 tibi
1082 2549 1223 2648 dicere,
1242 2564 1337 2650 quot
1353 2553 1438 2626 sint.

435 2681 618 2783 Pauperis
632 2698 687 2758 est
700 2710 901 2758 numerare
918 2709 1044 2782 pecus.
1063 2687 1119 2760 De
1133 2685 1308 2761 laudibus
1322 2687 1466 2762 harum·
1490 2778 1493 2786 Ι

439 2814 502 2890 Nil
515 2813 613 2888 mihi
627 2813 830 2886 credideris
848 2843 856 2887 ε
871 2839 1034 2912 praesens
1047 2827 1152 2912 potes
1165 2816 1245 2913 ipsa
1258 2817 1403 2913 videre,

439 2943 493 3016 Ut
504 2944 576 3018 vix
588 2944 797 3016 sustineant
810 2945 1017 3023 distentum
1031 2945 1206 3020 cruribus
1220 2947 1326 3022 uber.

442 3073 558 3170 Sunt,
574 3071 713 3146 loetura
725 3073 871 3172 minor,
886 3075 1022 3174 tepidis
1036 3075 1079 3148 in
1095 3075 1260 3150 ovilibus
1273 3078 1376 3176 agni,

441 3204 541 3276 Sunt
552 3229 724 3303 quoque,
740 3231 808 3303 par
821 3217 927 3304 aetas,
944 3209 1027 3282 aliis
1040 3209 1082 3282 in
1100 3209 1265 3284 ovilibus
1278 3209 1390 3283 haedi.

482 3440 492 3471 ¹
510 3437 671 3496 Enumerat
679 3437 877 3514 Polyphemus
891 3442 990 3498 omnia
1004 3461 1192 3517 quaecumque
1202 3443 1260 3500 sibi
1265 3443 1372 3501 adsunt
1380 3445 1452 3500 bona
1457 3483 1468 3511 ,

439 3536 496 3612 qud
512 3537 667 3594 Galateam
679 3538 711 3594 in
721 3557 803 3595 snum
811 3540 947 3614 pelliciat
956 3560 1097 3598 atrorem.

482 3655 495 3686 ⁸
517 3655 570 3709 Est
581 3653 699 3710 arbutus
710 3654 826 3712 lturnilis
838 3657 1133 3732 orborpomaserens
1143 3660 1312 3718 rubicundo.

478 3761 492 3799 ³
516 3767 677 3842 Corydon,
691 3767 764 3826 dans
782 3771 809 3826 la
829 3769 981 3834 deurieme
1000 3774 1124 3850 lglogue
1142 3773 1178 3830 de
1192 3773 1322 3850 Virgile,
1339 3775 1469 3843 dltaille,

437 3881 550 3921 comme
564 3864 762 3938 Polypheme,
777 3885 821 3922 ses
834 3867 971 3928 richesses
983 3851 1182 3944 cllampltres:

581 4005 647 4056 nine
658 4021 719 4054 Μ
730 4007 812 4056 &culn
821 4021 906 4060 mane
914 4010 940 4059 in
951 4011 1070 4062 montibus
1081 4027 1161 4077 agne.
