3248 5338
462 543 512 620 64
578 559 662 616 ins
691 531 1133 614 nininonrnosns
1162 555 1395 639 novum,

463 705 515 780 At
526 705 646 801 vivit,
660 713 785 777 totum
798 727 903 799 quae,
917 699 1050 798 gloria,
1069 701 1254 800 compleat
1265 703 1411 782 orbem.

463 835 553 908 Haec
565 834 623 908 illi
636 859 817 908 mensure
831 832 916 907 viro
929 829 1130 930 respondet
1147 861 1155 906 :
1171 845 1209 906 et
1224 833 1295 908 hac
1309 849 1366 908 est

462 961 536 1038 Par
551 964 624 1038 sibi
637 965 802 1060 Pelides,
820 989 890 1037 nec
906 963 1036 1038 inania
1049 963 1209 1038 Tartara·
1218 967 1345 1040 sentit.

509 1093 594 1192 Ipse
606 1095 739 1192 etiam,
756 1107 802 1166 ut
814 1095 922 1189 cujus
937 1091 1053 1166 fixerit
1067 1119 1286 1192 cognoscere
1298 1092 1437 1193 poesis,

462 1227 564 1303 Belia
577 1241 707 1304 movet
720 1227 875 1325 clypeus
893 1256 900 1300 :
917 1225 1039 1324 deque
1051 1227 1166 1300 armis
1179 1253 1282 1304 arma
1292 1225 1486 1302 serunou.

462 1359 547 1434 Non
562 1385 604 1432 ea
619 1357 805 1456 Tydides,
823 1383 904 1430 non
916 1355 1030 1430 audet
1042 1355 1169 1433 osseos
1182 1355 1296 1454 Ajax,

460 1489 547 1563 Non
563 1488 692 1562 minor
707 1487 874 1584 Atrides,
892 1497 972 1560 non
986 1475 1100 1584 regno
1116 1489 1237 1583 major
1250 1497 1287 1563 et
1298 1513 1382 1564 eevo

460 1617 633 1714 Poscere,
651 1640 733 1689 non
744 1615 809 1690 alii
828 1643 835 1689 :
851 1617 921 1688 soli
938 1613 1142 1688 Telamone
1158 1627 1283 1690 creato
1299 1623 1308 1656 ¹
1383 1651 1386 1658 ·

460 1748 686 1846 lienique,
701 1746 778 1820 fuit
794 1759 908 1820 tantae
924 1745 1064 1820 fiducia
1075 1745 1211 1821 laudis.
1328 1783 1331 1792 ’

460 1875 495 1950 A
510 1901 549 1948 se
566 1872 779 1946 Tantalides
793 1881 807 1910 ⁸
823 1899 920 1945 onus
937 1873 1201 1972 invidiamque
1216 1875 1400 1974 nemovit3

460 2005 727 2103 Argolicosque
740 2003 854 2075 duces
871 2001 1007 2076 mediis
1024 2005 1217 2080 considere
1233 2007 1361 2080 castris

459 2133 594 2230 hesit,
613 2142 651 2204 et
663 2131 864 2203 arbitrium
881 2129 960 2204 litis
973 2133 1118 2228 tmjecit
1134 2134 1176 2206 in
1190 2161 1334 2211 omnes.

502 2349 512 2382 ¹
536 2342 640 2402 Credto
662 2362 692 2400 se
710 2355 853 2418 rapporte
871 2345 888 2400 ὲ
906 2345 1018 2402 Laered
1025 2385 1036 2414 ,
1058 2345 1137 2403 aussi
1153 2347 1222 2404 bien
1238 2349 1307 2424 qn’i
1328 2349 1495 2410 Telamone.

460 2441 537 2518 Ajax
549 2456 578 2500 et
590 2444 695 2518 Ulysse
708 2455 775 2500 sont
788 2443 920 2520 designes
934 2463 990 2520 par
1001 2445 1028 2500 le
1042 2463 1113 2502 nom
1125 2445 1162 2502 de
1173 2447 1239 2504 leur
1251 2445 1331 2522 pore.

504 2546 517 2576 ⁸
541 2545 733 2612 Tantalides,
757 2561 830 2602 nom
851 2545 1083 2624 patronymique
1104 2545 1358 2628 d'Agumemnou,
1378 2545 1440 2607 iun
1460 2548 1499 2606 de

462 2642 583 2701 Tantalo
597 2661 652 2720 par
665 2641 783 2718 Pelops.
