3216 5344
434 625 505 704 154
546 638 631 698 uus
659 607 1100 694 utriuouruosus
1130 636 1362 718 merrus,

430 788 545 864 Nunc
561 808 714 884 quoque
730 779 784 854 mi
799 777 1028 854 metuendus
1043 789 1123 852 eret
1139 807 1147 855 :
1163 781 1261 856 cinis
1273 784 1355 882 ipse
1367 787 1513 884 sepulti

429 923 475 996 lu
483 943 601 1019 genus
608 915 796 992 hocsaevit
805 942 812 986 :
822 911 972 986 tumulo
981 937 1134 1009 quoque
1143 915 1331 992 sensimus
1340 917 1508 993 hostem.

429 1049 594 1126 AEccidae
611 1043 788 1122 soecunda
804 1043 863 1117 fui
880 1049 887 1080 ¹
905 1071 913 1116 ε
929 1043 1023 1138 jacet
1035 1043 1135 1117 llion
1148 1045 1300 1146 ingens,

427 1181 658 1277 Eventuque
673 1175 779 1275 gravi
791 1171 898 1249 finita
914 1183 971 1245 est
982 1169 1134 1270 publice
1150 1173 1288 1271 clsdes3

427 1311 469 1386 Si
484 1309 595 1386 fmiu
607 1321 749 1382 umen.
766 1305 845 1380 Soli
857 1303 956 1380 mihi
968 1305 1146 1403 Pergama
1157 1317 1322 1404 restaut3

425 1445 473 1518 In
485 1465 678 1540 cursuque
690 1463 797 1514 meus
810 1435 919 1512 dolor
932 1449 1000 1512 est.
1018 1434 1132 1512 Mods
1149 1438 1317 1516 maxims
1328 1455 1486 1540 rerum,·

425 1573 501 1648 Tot
513 1569 660 1669 generis
671 1567 844 1665 natisque
857 1579 1008 1666 potens,
1023 1571 1281 1668 nuribusque,
1296 1570 1480 1670 viroque,

426 1705 539 1780 Nunc
552 1701 684 1776 trahor
697 1701 825 1796 exsul,
842 1702 953 1799 inops
966 1705 998 1798 ⁵,
1013 1703 1176 1776 tumulis
1186 1703 1319 1777 avulsa
1331 1731 1530 1805 meorum,

426 1835 625 1932 Penelopae
638 1859 782 1908 munus
795 1861 803 1906 :
819 1858 905 1930 quse
918 1859 996 1930 me,
1012 1833 1097 1908 dats
1109 1861 1224 1932 pensa
1236 1835 1476 1937 trahentem,

426 1967 615 2043 Mam‘bus
632 1963 833 2038 ostendeus
847 1961 1002 2060 Ithacis,
1018 1964 1109 2038 Hoec
1122 1963 1295 2040 Hectoris
1307 1966 1373 2040 illa
1385 1978 1441 2042 est

426 2097 536 2172 Clara
547 2119 704 2194 percus:
721 2091 805 2166 haec
818 2103 893 2188 est,
908 2091 1027 2188 dicet,
1045 2091 1231 2168 Priameia
1243 2095 1401 2190 conjux.

474 2227 638 2326 Postque
650 2237 706 2298 tot
720 2223 874 2299 amissos
888 2235 933 2296 tu
948 2249 1072 2320 nuuc,
1091 2249 1177 2321 quae
1191 2225 1269 2298 sols
1281 2224 1432 2300 levabas

424 2359 615 2432 Maternos
628 2355 774 2450 luctus,
791 2353 943 2428 hostilis
955 2355 1065 2428 busta
1080 2355 1206 2454 piasti.

424 2483 583 2560 Inferias
598 2483 701 2559 hosti
717 2475 861 2581 peperi.
881 2483 968 2570 Qus
981 2483 1102 2558 ferrea
1114 2483 1244 2558 resto?

424 2617 580 2705 Quidve
591 2613 749 2690 moror?
761 2613 839 2710 quc
852 2637 915 2686 me
928 2638 1071 2708 servas,
1086 2611 1267 2688 damnosa
1279 2613 1475 2686 senectus?

423 2749 527 2839 Quid
540 2807 551 2846 ‚
566 2747 617 2822 Di
630 2745 818 2842 crudeles,
835 2743 911 2817 nisi
925 2745 984 2818 uti
998 2769 1099 2817 nova
1113 2742 1247 2818 funera
1263 2769 1438 2838 cernam,
1554 2815 1561 2828 ,

420 2879 603 2952 Vivecem
616 2875 775 2950 differtis
788 2873 932 2950 anum?
945 2873 1032 2970 quis
1048 2899 1155 2971 posse
1169 2885 1323 2972 putaret
1336 2871 1350 2912 ³

420 3007 583 3082 Felicem
597 3005 813 3099 Priamum,
829 3015 914 3100 post
926 3001 1054 3076 diruis
1065 3003 1263 3101 Pergama,
1280 3002 1386 3080 dicit

420 3137 529 3214 Felix
543 3146 665 3212 morte
681 3135 770 3210 suit:
788 3145 931 3232 necte,
947 3161 1031 3210 mes
1044 3147 1148 3232 neta,
1167 3148 1376 3233 peremtum

463 3372 472 3400 ¹
502 3369 659 3423 Vellicatnr
670 3365 726 3422 noe
741 3369 805 3426 loeo
822 3367 940 3424 Ovidius
953 3366 973 3422 ὰ
986 3367 1095 3424 &auro
1112 3369 1198 3443 apud
1208 3368 1369 3440 Senecam,
1384 3369 1466 3445 quur

420 3467 534 3524 nesciat
543 3466 703 3540 relinquere
712 3467 793 3540 quod
801 3465 872 3520 beni
882 3465 972 3521 cessit.
981 3467 1050 3522 Non
1061 3464 1155 3521 minis
1165 3467 1241 3522 enim
1251 3485 1361 3540 magna
1371 3469 1461 3522 vinus

421 3579 464 3622 est
476 3566 549 3620 scire
560 3564 708 3632 desinere,
721 3564 811 3638 quiim
824 3565 897 3620 scire
908 3565 1022 3620 dicere:
1033 3565 1088 3622 sed
1095 3563 1150 3622 lun
1159 3567 1269 3624 oratori
1277 3567 1460 3642 magisproe-

420 3679 534 3742 crprmn
549 3678 593 3721 est
604 3663 693 3739 quirin
703 3669 812 3740 poitoe.

371 3823 374 3836 ,
461 3769 474 3798 ¹
496 3767 674 3822 Dissciutum
688 3777 733 3821 est
743 3764 929 3838 puen'mcniis
941 3763 1073 3820 maximi
1084 3763 1263 3821 conveniens.

460 3857 474 3894 ³
497 3865 538 3918 Le
556 3860 644 3936 poete
661 3861 786 3937 pouvcit
803 3860 867 3918 dire
887 3861 1093 3936 simplement:
1114 3885 1127 3913 a
1145 3861 1244 3918 Prium
1262 3872 1309 3918 est
1325 3861 1457 3917 heureux

388 3953 390 3960 ’
417 3963 511 4020 d’trre
522 3970 619 4032 mort;
631 3961 651 4016 il
664 3962 737 4017 rr'est
749 3978 800 4034 pas
811 3960 920 4017 temoiu
931 3960 973 4018 du
986 3963 1083 4034 πέρας
1094 3959 1131 4016 de
1143 3979 1174 4018 sa
1184 3957 1242 4018 flue
1254 3983 1278 4017 r.
1289 3961 1454 4017 L'interro-

334 4059 340 4074 ⁸
416 4059 518 4137 gatiou
530 4057 609 4118 rend
623 4058 692 4134 plus
703 4058 771 4116 rive
784 4070 858 4116 cette
870 4061 977 4135 penite
989 4059 1160 4116 tcuchsute.
