3178 5350
376 599 447 675 252
495 615 582 673 nes
612 585 1046 670 nirnnonrnosrs
1076 609 1305 693 norme,

374 763 695 860 Percntimurque
711 769 721 800 ¹
740 771 853 858 caput
866 783 1058 834 conversae
1073 761 1232 838 verbere
1245 764 1384 864 virgoe;

373 897 573 996 Verbaque
590 897 774 971 dicuntur
785 893 897 970 dictis
914 895 1103 970 contraria
1118 897 1258 973 verbis.

375 1031 464 1118 Quo
480 1029 595 1128 magis
612 1029 677 1104 illa
691 1028 813 1126 canit,
832 1028 948 1126 magis
961 1027 1034 1102 hoc
1049 1029 1185 1106 tellure
1200 1030 1318 1105 levati

374 1162 567 1260 Erigimur
585 1191 592 1236 :
610 1173 771 1259 setaeque
784 1160 943 1260 cadunt,
961 1159 1173 1260 bifidosque
1183 1161 1371 1261 relinquit

374 1287 486 1364 Rima
500 1291 623 1389 pedes.
643 1290 819 1366 Redeunt
832 1291 988 1366 humeri
1005 1323 1013 1370 :
1032 1295 1198 1392 subjecta
1210 1295 1359 1370 lacertis

375 1431 536 1506 Brachia
548 1441 651 1506 eunt.
667 1429 837 1504 Flentem
848 1426 981 1546 flentee
994 1430 1259 1529 amplectimur
1270 1431 1402 1530 illum,

376 1571 651 1669 Haeremusque
662 1569 771 1644 ducis
784 1566 881 1643 collo
899 1595 907 1640 :
922 1593 994 1642 nec
1007 1568 1123 1642 verba
1135 1567 1254 1642 locuti
1267 1575 1282 1605 ¹

377 1704 463 1778 Ulla
478 1704 606 1802 priora
619 1729 770 1800 sumus,
790 1701 906 1801 quim
920 1727 989 1776 nos
1003 1703 1179 1778 testantia
1191 1715 1326 1802 gratos.

426 1839 569 1914 Annua
585 1867 650 1914 nos
667 1839 745 1914 illic
758 1838 884 1914 tenuit
897 1863 1004 1912 mora
1021 1866 1028 1911 :
1046 1836 1241 1936 multaque
1254 1861 1420 1936 praesens

376 1969 565 2067 Tempore
578 1981 656 2044 tam
672 1971 783 2068 longo
792 1967 875 2044 vidi
889 1998 897 2044 :
909 1968 1030 2058 multa
1043 1969 1200 2043 auribus
1214 1968 1342 2066 hausi3

377 2099 460 2174 Hoc
473 2125 627 2198 quoque
640 2127 730 2176 cum
746 2099 897 2200 multis,
916 2098 1020 2200 quod
1034 2099 1130 2174 clam
1144 2097 1244 2174 mihi
1257 2099 1389 2175 retulit
1401 2124 1483 2176 una

377 2236 570 2336 Quattuor
583 2267 604 2314 e
617 2239 787 2338 famulis,
806 2239 852 2312 ad
866 2237 955 2313 talia
967 2263 1070 2312 sacra
1082 2236 1232 2336 paratis.

378 2352 478 2446 Cuin
492 2372 588 2447 duce
601 2398 767 2470 nemque
781 2397 867 2446 meo
884 2371 991 2445 Circe
1004 2369 1101 2446 dum
1115 2367 1192 2442 sola
1206 2383 1397 2470 moratur,

378 2505 448 2581 Illa
464 2506 563 2582 mihi
576 2509 692 2580 niveo
706 2505 848 2584 tactum
862 2506 911 2582 de
927 2533 1116 2585 mnrrnore
1135 2507 1286 2606 signum

379 2641 557 2717 Ostendit
570 2643 758 2742 juvenile,
777 2669 908 2742 gerens,
922 2643 966 2716 in
982 2643 1123 2716 vertice
1139 2643 1293 2742 picum,

379 2777 476 2852 AEde
493 2779 594 2854 sacri
607 2781 796 2883 positum,
812 2781 1019 2879 multisque
1031 2779 1178 2880 insigne
1192 2784 1353 2860 coronis.

379 2911 478 2999 Quis
493 2909 609 3012 foret,
626 2926 663 2986 et
674 2921 793 3018 quar'c
808 2914 910 2990 sacri
922 2915 1108 2989 coleretur
1121 2915 1165 2990 in
1181 2914 1282 3016 oede,

379 3053 460 3126 Cur
472 3051 572 3130 hanc
587 3050 702 3128 ferret
714 3077 844 3150 avem,
860 3053 1066 3150 qnaerenti,
1082 3063 1120 3126 et
1131 3053 1227 3126 scire
1239 3053 1404 3152 volenti,

377 3177 537 3281 Accipe,
554 3183 624 3280 eit,
640 3185 814 3259 Macareu
827 3214 835 3260 :
850 3183 1092 3286 dominaeque
1108 3187 1277 3285 potentia
1290 3215 1375 3287 qnae
1389 3191 1440 3264 eit

380 3315 484 3395 Hinc
497 3340 651 3415 quoque
667 3315 768 3390 disce
781 3343 875 3391 meae
893 3347 900 3391 :
916 3329 960 3390 tu
977 3315 1087 3391 dictis
1105 3317 1223 3415 adjice
1239 3331 1407 3396 mentem
1417 3321 1445 3396 ³.

425 3551 436 3580 ¹
460 3549 646 3626 Synecdcche
655 3549 778 3626 poetica
789 3553 875 3609 utitur
885 3551 941 3608 hoc
951 3554 1014 3610 loco
1030 3551 1157 3608 Ouidius.
1178 3553 1259 3610 Nam
1271 3553 1303 3608 in
1307 3553 1404 3630 pmsd
1412 3595 1424 3624 ,

386 3661 480 3728 caput
493 3651 579 3709 nobis
588 3650 773 3728 percutitur,
785 3653 955 3710 diceremus·

425 3757 439 3786 ⁸
462 3753 502 3810 Ce
515 3763 603 3823 tour,
620 3773 700 3829 pour
719 3753 783 3814 dire
806 3775 864 3831 que
880 3755 922 3812 les
936 3768 1139 3830 compagnons
1153 3751 1288 3828 d’Ulyese
1300 3765 1426 3812 retrou-

379 3855 486 3912 vetent
498 3853 609 3932 l'usage
620 3853 695 3911 dele
712 3857 835 3931 parole,
850 3867 893 3914 cst
905 3854 986 3931 plein
1005 3855 1042 3912 de
1054 3855 1220 3914 delicatesse
1234 3867 1263 3912 et
1278 3855 1315 3912 de
1330 3858 1421 3916 senti-

382 3966 465 4018 ment
475 3995 483 4025 ,
495 3967 524 4012 et
536 3955 572 4013 de
583 3955 651 4032 plns
662 3955 682 4012 il
694 3973 713 4011 a
725 3955 752 4013 le
763 3957 866 4020 merite
876 3955 969 4020 d'ttre
979 3957 1036 4018 tire
1045 3956 1082 4018 de
1094 3955 1343 4021 hclrconetence.

424 4060 439 4130 Ξ
459 4063 580 4146 Adjice,
595 4063 673 4136 sive,
687 4059 805 4146 adhibe,
1136 4063 1148 4098 ³
