3248 5338
442 607 494 690 50²
558 623 644 682 uus
673 585 1112 677 ubrs'uonrflosns
1141 591 1372 710 ¹novior,

440 771 614 872 Correpti
629 763 776 867 rapido,
791 761 913 839 veluti
929 785 1027 860 seges
1041 762 1165 862 arida,
1181 765 1333 840 flammi

441 911 630 988 Arserunt
645 901 768 976 crines
786 925 793 971 :
812 909 850 970 ct
865 895 1025 970 vulnere
1041 897 1191 994 sanguis
1209 899 1360 972 inustus
1376 905 1386 936 ¹

440 1035 666 1115 Terribilem
679 1029 839 1107 stridore
856 1053 993 1102 sonum
1009 1025 1133 1125 dedit;
1149 1042 1193 1102 ut
1208 1027 1298 1104 dore
1316 1029 1463 1104 ferrum
1502 1059 1505 1070 ’

439 1169 529 1266 Igne
544 1166 685 1242 rubens
699 1159 926 1260 plerumque
940 1155 1053 1254 solet,
1069 1157 1172 1256 quod
1188 1157 1330 1256 forcipe
1344 1156 1465 1232 curvi

439 1301 538 1374 Cum
549 1294 658 1370 'faber
674 1290 825 1386 eduxit,
840 1287 997 1362 lacubus
1009 1285 1176 1362 demittit
1193 1317 1201 1362 :
1217 1285 1366 1361 utillud

437 1429 598 1526 Stridet,
614 1427 709 1502 etin
724 1421 872 1521 trepidi
885 1423 1124 1494 submersum
1138 1419 1263 1493 sibilat
1274 1417 1391 1492 undt.

437 1555 596 1632 Saucius
609 1549 768 1632 hirsutis
783 1546 942 1622 avidum
955 1545 1002 1620 de
1019 1546 1188 1620 crinibus
1205 1547 1331 1644 ignem

436 1681 593 1764 Excutit
606 1711 614 1758 :
626 1683 744 1778 inque
752 1677 933 1752 humeros
942 1675 1061 1750 limen
1073 1682 1099 1773 ⁸,
1111 1675 1246 1750 tellum
1257 1673 1477 1772 revulsum,

436 1815 574 1915 Tollit,
584 1841 681 1892 onus
688 1813 847 1912 plaustri
857 1841 864 1886 :
874 1811 977 1909 quod
988 1837 1036 1884 ne
1045 1793 1238 1910 permittet
1247 1813 1287 1886 in
1297 1811 1468 1908 hostem,

436 1949 522 2046 Ipso
534 1947 623 2022 facit
636 1943 807 2043 gravitas.
824 1935 1141 2040 Socium'quoque
1155 1969 1264 2042 saxqa
1276 1942 1394 2017 moles

435 2081 635 2178 Oppressit
649 2077 767 2174 spatio
778 2085 941 2148 stantem
955 2075 1131 2173 propiore
1144 2075 1347 2148 Cometem.
1485 2059 1490 2066 ¹

485 2194 631 2283 Gnudia
640 2233 710 2282 nec
718 2207 855 2281 retinet
865 2205 1037 2280 Rhoetus.
1049 2205 1109 2280 Sic
1120 2229 1349 2304 comprecor,
1359 2204 1508 2304 inquit,

435 2339 578 2413 Cretera
591 2335 641 2410 sit
652 2334 760 2409 fortis
774 2347 981 2408 castrorum
995 2335 1106 2408 turbe
1119 2347 1294 2432 tuorum,

432 2461 739 2564 Serbicremoque
752 2477 867 2540 novat
880 2465 1084 2562 repetitum
1098 2465 1224 2564 stipite
1240 2465 1404 2560 vulnus3

387 2567 392 2578 x
432 2594 585 2694 Terque
597 2607 804 2692 quaterque
820 2595 925 2692 gravi
937 2595 1133 2688 juncturas
1144 2595 1297 2669 verticis
1314 2599 1394 2670 ictu

434 2725 555 2824 Rupit
571 2757 579 2801 :
596 2737 633 2799 et
645 2727 688 2798 in
700 2723 849 2822 liquido
865 2723 1044 2798 sederunt
1056 2751 1137 2800 ossa
1153 2730 1317 2802 cerebro.

433 2855 564 2929 Victor
570 2853 616 2926 ad
624 2854 809 2950 Evagrum
814 2911 825 2949 ,
835 2853 1073 2951 Corythumq
1082 2855 1343 2954 3Dryantoque
1352 2858 1499 2950 transit.

432 2989 464 3064 E
481 2989 621 3086 quibus
634 2999 698 3081 ut,
712 2985 837 3082 prima
852 2997 971 3058 tectus
985 2987 1162 3083 lanugine
1177 2987 1309 3084 malas,

433 3115 642 3192 Procubuit
654 3113 861 3212 Corythus3
877 3115 999 3190 Puero
1017 3143 1102 3214 quae
1118 3117 1235 3216 gloria
1249 3117 1334 3192 suso

474 3369 484 3398 ¹
502 3365 603 3440 Voyez
612 3381 725 3428 comme
732 3363 806 3422 dens
813 3377 888 3423 cette
898 3367 1052 3424 nsmtiou
1061 3367 1333 3443 nnecompareison
1344 3365 1469 3426 sumddc

431 3463 521 3534 bunc
530 3475 636 3536 outre,
649 3484 716 3522 sons
732 3465 853 3522 tolentir
869 3468 897 3526 ln
912 3468 1029 3526 marche
1043 3467 1086 3526 du
1101 3469 1181 3526 recti
1199 3468 1318 3528 celle-ci
1329 3479 1373 3524 est
1384 3468 1470 3543 frop-

430 3573 521 3636 pnnte
533 3574 562 3619 et
575 3581 631 3638 pcr
642 3565 670 3620 lc
683 3564 775 3620 vtritt
787 3563 825 3620 de
834 3564 963 3640 limgo,
974 3576 1002 3622 et
1014 3583 1069 3640 par
1079 3567 1108 3622 le
1119 3565 1242 3622 ricbesse
1254 3577 1282 3622 et
1292 3565 1467 3622 l'bnrmonic

430 3661 572 3719 imitative
587 3663 629 3720 du
647 3665 731 3740 style.
757 3733 759 3738 Ι

470 3764 484 3794 ¹
504 3763 607 3818 Limen
619 3761 730 3838 signlfib
742 3781 800 3820 unc
810 3763 907 3838 pierre
916 3765 1004 3838 poste
1014 3783 1052 3822 en
1062 3775 1187 3834 trevere,
1198 3783 1311 3822 comme
1321 3783 1365 3821 un
1374 3763 1466 3833 senil,

431 3874 473 3912 un
486 3857 579 3931 appui
591 3857 627 3914 de
639 3859 749 3916 senttre
760 3899 769 3928 ‚
782 3859 966 3929 nullatenu,
981 3881 1023 3918 un
1034 3859 1209 3920 architrare.
1222 3861 1317 3920 Ovide
1329 3861 1467 3937 employa

413 3997 417 4006 ,
430 3951 446 4007 ὲ
459 3971 571 4028 propos
584 3955 610 4010 le
623 3967 685 4011 mot
697 3975 807 4032 propre
821 3957 878 4014 iila
891 3958 989 4018 chose.
1007 3959 1054 4020 On
1068 3977 1086 4018 a
1098 3979 1140 4018 ru
1149 3999 1157 4030 ,
1167 3961 1329 4036 primitium
1342 3971 1465 4028 torrem,

428 4049 455 4105 le
467 4049 631 4126 principal,
645 4052 672 4108 le
685 4055 789 4110 maine
803 4051 891 4112 licon.
