3178 5350
426 654 500 737 204
543 676 629 734 nne
660 647 1102 736 uirsuoarnosns
1132 681 1364 764 merrus,

425 819 477 893 At
489 830 551 916 tu,
568 820 649 894 sive
661 821 807 918 aliquid
821 824 928 921 regni
940 837 995 900 est
1011 826 1054 900 in
1067 831 1256 932 carmine,
1275 862 1429 914 carmen

427 949 505 1024 Ore
517 973 631 1022 move
644 973 749 1024 sacro
766 978 774 1023 :
789 951 870 1024 sive
883 956 1138 1051 expugnacior
1152 959 1276 1038 herba
1287 977 1344 1039 est
1352 996 1369 1062 3

426 1075 544 1152 Utere
557 1080 709 1154 tentatis
726 1107 892 1180 operosae
906 1083 1056 1160 viribus
1073 1086 1217 1165 herbae.

427 1211 505 1290 Nee
517 1211 689 1288 medeare
702 1185 801 1288 mihi
809 1271 821 1311 ,
836 1239 1020 1312 sanesque
1032 1215 1114 1290 haee
1128 1219 1291 1293 vulnera
1302 1221 1466 1318 mand03

428 1341 599 1439 Fineque
611 1342 669 1416 nil
682 1368 779 1440 opus
792 1354 850 1416 est
866 1371 874 1416 :
893 1354 1039 1440 partem
1054 1343 1150 1420 ferat
1163 1347 1228 1420 illa
1243 1349 1389 1424 caloris.

476 1477 529 1551 At
541 1477 667 1574 Circe,
683 1501 808 1574 neque
821 1475 925 1550 enim
938 1474 1104 1550 flammis
1113 1476 1228 1551 habet
1238 1481 1363 1576 aptius
1376 1479 1456 1556 ulla

428 1609 586 1686 Talibus
602 1610 817 1709 ingenium;
833 1637 901 1684 seu
914 1637 1024 1685 eausa
1037 1623 1092 1686 est
1104 1611 1221 1708 hujus
1238 1613 1281 1688 in
1295 1615 1395 1713 ipsai,

427 1743 506 1818 Seu
518 1743 648 1818 Venus
662 1741 804 1816 indicio
816 1740 905 1815 facit
917 1739 991 1814 hoe
1003 1740 1144 1816 offensa
1155 1753 1313 1840 paterno
1325 1750 1359 1838 ¹,

418 1873 537 1950 -Talia
551 1875 668 1948 verba
680 1872 796 1948 refert
812 1901 821 1946 :
835 1872 973 1948 Melius
987 1897 1187 1970 sequerere
1200 1873 1415 1970 volentem,

429 2005 714 2100 optantemque
726 1998 881 2094 eedem,
896 1997 1087 2094 parilique
1099 1997 1281 2096 cupidine
1293 2010 1456 2098 captam.

429 2131 576 2230 Dignus
590 2155 670 2204 eras
688 2158 696 2202 :
712 2128 816 2202 ultre
830 2137 977 2224 poteras
993 2129 1169 2224 certeque
1181 2128 1324 2225 rogari5
1422 2133 1426 2142 '

429 2263 495 2361 Et,
511 2263 544 2337 si
560 2261 845 2362 spemdederis,
860 2257 1101 2356 mihicrede,
1118 2260 1305 2358 rogaberis
1320 2261 1438 2336 ultre.

429 2393 514 2470 Neu
530 2391 697 2491 dubites,
716 2393 888 2490 absitque
900 2403 978 2466 tuae
993 2390 1133 2464 fiducia
1147 2389 1296 2486 formae3

430 2524 491 2600 En
505 2549 587 2623 eg0,
603 2526 692 2600 clun
704 2527 785 2600 Dea
797 2525 890 2620 sim,
905 2518 1020 2598 nitidi
1037 2523 1127 2596 cum
1139 2521 1219 2596 filia
1232 2522 1350 2619 Solis,

431 2659 607 2734 Carmine
619 2662 710 2736 edm
723 2672 894 2756 tentum,
913 2669 1064 2734 tantum
1082 2659 1171 2732 eum
1184 2657 1352 2754 gramine
1364 2659 1531 2756 possim,

432 2787 486 2863 Ut
502 2802 569 2865 tua
583 2791 676 2890 sim,
694 2817 829 2868 voveo.
849 2791 1101 2888 spernentem
1116 2813 1252 2888 sperne
1272 2817 1280 2861 :
1296 2790 1475 2886 sequenti

432 2917 562 2994 Redde
574 2919 695 3017 vices,
712 2945 870 3017 unoque
881 2918 1005 2996 duos¹
1022 2919 1203 2994 ulciscere
1215 2917 1325 3034 facto.

297 3039 305 3056 '
430 3048 538 3124 Talia
550 3049 731 3147 tentanti,
743 3049 873 3148 Prius,
889 3052 1039 3150 inquit,
1051 3053 1096 3125 in
1109 3075 1264 3149 aequore
1274 3051 1450 3150 frendes,

432 3178 618 3278 Glaucus,
638 3191 675 3252 et
688 3180 731 3254 in
745 3183 905 3258 summis
917 3195 1122 3260 nascentur
1134 3185 1329 3272 montibus
1342 3185 1457 3284 elgae,

434 3310 580 3407 Sospite
596 3311 712 3408 quem
726 3303 848 3412 scylla
862 3316 983 3390 nostri
996 3327 1196 3394 mutentur
1211 3341 1368 3390 amores.

478 3475 489 3506 ¹
509 3473 612 3533 thns
628 3493 660 3534 se
675 3478 810 3556 rengeait
827 3498 880 3545 sur
891 3480 921 3536 le
935 3477 994 3537 fille
1006 3479 1049 3538 dn
1063 3479 1172 3548 Saleii,
1186 3477 1223 3538 de
1237 3498 1270 3536 ce
1290 3479 1480 3556 qu’Apollon

435 3571 516 3630 nvait
529 3575 625 3633 revue
638 3575 793 3636 quleain
805 3595 860 3636 son
873 3595 1037 3636 commemo
1049 3577 1182 3636 adultere
1194 3595 1265 3636 arec
1278 3579 1371 3636 Mars.

585 3690 687 3756 Stirpem
693 3708 782 3756 perusa
793 3692 852 3742 Solis
861 3691 930 3742 invisi
939 3697 1019 3742 Venus
1024 3729 1033 3751 ,

584 3778 634 3824 Per
641 3793 683 3825 ms
691 3788 791 3826 catenas
799 3777 915 3826 vendicat
922 3779 1008 3827 Martis
1015 3777 1059 3826 sur'.

791 3863 912 3921 Pudnu,
925 3861 1042 3928 ngddr'e
1053 3858 1083 3908 dc
1094 3858 1211 3924 &adque-

478 3963 493 3992 ¹
511 3955 593 4016 Dans
610 3959 766 4038 beaucoup
786 3961 942 4020 d'tditious
962 3980 1003 4020 on
1020 3959 1056 4016 lit
1074 3961 1169 4029 ἄπες
1188 3977 1220 4014 ce
1238 3955 1293 4034 qni
1305 3955 1354 4012 n'a
1368 3972 1423 4032 prs
1439 3953 1479 4012 de

437 4071 525 4112 aens:
544 4073 594 4111 ear
612 4073 649 4111 en
665 4067 811 4133 vengeant
827 4056 929 4126 Circe,
945 4056 1076 4113 Glaucus
1091 4073 1128 4113 ne
1144 4063 1217 4134 peut
1233 4067 1343 4131 renger
1357 4051 1478 4129 Scylla:

438 4151 550 4212 maisle
563 4167 684 4215 remeet
699 4158 852 4218 tres-bera
866 4175 904 4218 en
913 4156 1002 4217 litant
1014 4157 1098 4215 daos.
