3248 5338
395 495 420 570 8
511 509 594 568 nes
623 481 1064 566 uirnuonruoses
1094 504 1325 582 u’ovmu,

396 660 512 766 Nocte
527 661 665 760 dieque
682 671 822 758 patent.
838 657 936 732 ΤοιιΑ
947 671 1006 752 est
1015 684 1064 734 ex
1079 667 1153 736 ae're
1169 661 1340 758 sonenti3

395 789 493 870 Tota
505 793 633 868 fremit
647 815 849 890 :vocesque
864 789 995 886 refert,
1011 771 1197 888 iteratque
1209 788 1313 889 quod
1325 785 1454 864 audit:

396 919 511 998 Nulla
523 921 630 1018 quies
643 920 767 1017 intus,
783 919 964 1016 nullique
978 917 1126 992 silentiu
1139 929 1256 1018 parte.

396 1050 475 1127 Neo
489 1061 614 1125 tamen
627 1062 682 1123 est
694 1049 854 1146 clamor,
871 1047 934 1122 sed
948 1073 1077 1146 parvae
1090 1073 1290 1124 murmura
1304 1045 1432 1146 vocis3
1459 1027 1463 1034 ’

397 1179 534 1268 Qualia
546 1177 593 1252 de
608 1179 744 1279 pelagi,
758 1181 791 1254 si
808 1179 894 1278 quis
911 1181 1045 1278 procul
1058 1180 1206 1279 audiat,
1220 1180 1337 1256 undis
1381 1178 1387 1202 ⁶

396 1310 486 1387 Esse
502 1313 623 1386 solent
640 1342 648 1386 :
664 1297 864 1410 qualemve
877 1339 1035 1412 sonum,
1050 1315 1138 1390 cum
1150 1314 1326 1414 luppiter
1336 1315 1437 1388 dtr'u's

396 1445 593 1544 Increpuit
604 1447 745 1542 nubes,
759 1458 928 1546 extremo
943 1447 1113 1522 tonitrua
1128 1446 1308 1522 reddunt.

397 1577 507 1652 Atria
519 1579 630 1651 turba
642 1587 773 1652 tenent
789 1607 798 1654 :
813 1580 978 1656 veniunt
989 1580 1073 1656 lere
1085 1579 1239 1679 vulgm,
1254 1587 1437 1676 euntque.

397 1709 594 1806 Mixtaque
607 1735 696 1784 oum
709 1709 811 1784 veris
827 1714 965 1810 passim
979 1725 1192 1792 commenta
1203 1723 1396 1812 vagentur
1420 1709 1426 1730 ⁸

397 1839 520 1915 Millia
532 1840 765 1940 Remorum,
780 1842 1010 1944 confusaque
1025 1847 1143 1922 verbu
1155 1845 1343 1922 volutent.
1386 1853 1389 1864 '
1418 1938 1419 1942 Ἴ

398 1973 585 2070 Equibus
598 1971 642 2046 hi
655 1949 791 2047 vacuas
804 1975 964 2074 implent
976 1977 1215 2052 sermonibus
1226 2001 1355 2074 eures3
1398 1957 1401 1964 Ι

398 2101 451 2177 Ηί
469 2105 619 2176 narrata
635 2101 766 2176 ferunt
781 2102 854 2176 alid
872 2132 879 2178 :
895 2129 1149 2203 mensumque
1164 2103 1243 2179 ficti

400 2235 559 2333 Crescit,
576 2248 615 2310 et
626 2235 767 2310 auditis
781 2236 925 2334 aliquid
943 2263 1068 2314 novus
1084 2238 1213 2334 adjicit
1223 2247 1365 2316 auctor.
1416 2285 1419 2292 ·

398 2365 482 2441 Illie
495 2363 723 2462 Credulitas,
739 2364 816 2440 illie
829 2365 1054 2441 temerarius
1064 2365 1201 2464 Enor,

399 2497 580 2595 Vanaque
593 2498 740 2572 Laetitia
754 2511 828 2596 est,
844 2501 1147 2596 consternatique
1158 2497 1351 2590 Timores,
1391 2507 1395 2530 ²

399 2627 618 2726 Seditioque
632 2655 781 2726 reeens,
796 2629 993 2728 dubioque
1010 2641 1163 2706 auctore
1177 2627 1345 2702 Susurri.
1382 2634 1388 2646 '

398 2759 483 2855 lpse
497 2755 647 2855 qu1d1n
664 2759 760 2832 coelo
776 2785 906 2833 rerum
921 2761 1123 2859 pelagoque
1135 2773 1303 2858 geratur,
1595 2789 1596 2880 q

401 2887 449 2960 Et
464 2885 620 2984 tellure,
637 2885 742 2960 videt
751 2899 979 2986 ,totumque
995 2889 1159 2989 inquirit
1174 2891 1219 2964 in
1234 2891 1377 2966 orbem.

588 3021 660 3157 IV.
688 3083 855 3160 Achillis
872 3099 911 3158 et
928 3087 1043 3186 Cycni
1059 3099 1258 3162 certamen.
1282 3035 1292 3048 Ι

447 3274 478 3352 F
483 3299 655 3353 renutu·
669 3276 752 3353 haeo
767 3286 924 3378 notum,
940 3281 1068 3378 Grajas
1082 3307 1171 3356 cum
1187 3280 1308 3356 milite
1324 3277 1416 3376 forti
1448 3259 1454 3298 ³

377 3483 379 3487 Α
399 3405 617 3488 Adventare
633 3406 755 3490 tutes:
772 3435 896 3508 neque
911 3409 1189 3524 inexspectatus
1202 3409 1246 3482 in
1260 3405 1376 3482 ermis

401 3539 528 3614 Hostis
544 3537 669 3615 adest:
661 3541 891 3638 ·prohibent
906 3543 1010 3618 aditu
1020 3545 1219 3700 ,litusque
1231 3551 1440 3619 tuentur

400 3669 518 3744 Troe’s
531 3683 568 3744 et
583 3672 764 3748 Hectorea
780 3675 927 3772 primus
943 3675 1104 3750 &taliter
1118 3665 1284 3766 hus'td,

396 3805 619 3904 Protesilai,
637 3807 763 3908 cadis·
779 3808 1051 3906 commissaque
1066 3803 1197 3906 praelia
1212 3826 1347 3901 magne

401 3933 509 4016 stant
520 3938 661 4012 ana'is'
678 3967 687 4016 :
701 3937 884 4038 sortisque
896 3938 1034 4016 unimae
1046 3935 1320 4034 neoeoognitus
1334 3907 1470 4008 lleclor
