3170 5366
450 621 522 698 284
569 639 655 716 nus
684 611 1123 696 udrsuonrnosns
1151 636 1383 718 n’ovrnr,

450 782 549 862 Inde
561 784 631 858 sati
644 783 808 858 Curibus
825 789 853 879 ¹,
869 780 1071 856 taeitonrm
1082 806 1189 856 more
1200 783 1413 882 luporum,

450 915 528 988 Ore
542 925 725 1012 premunt
736 937 866 1009 voces5
884 923 922 986 et
936 937 1093 1008 corpora
1108 912 1210 986 victa
1225 939 1360 1013 sopore

450 1039 645 1119 Invadunt
662 1072 670 1116 :
686 1054 886 1142 portasque
901 1051 1063 1138 petunt,
1083 1067 1177 1138 quas
1192 1043 1312 1138 objiee
1324 1041 1439 1117 firma

451 1165 644 1249 Clauserat
657 1173 791 1252 Iliades
806 1181 832 1249 ¹.
847 1173 974 1248 Unam
986 1185 1114 1248 tamen
1126 1175 1207 1272 ipsa
1221 1176 1407 1276 recludit,

449 1303 526 1380 Nec
537 1307 738 1406 strepitum
752 1332 882 1404 verso,
901 1307 1096 1406 Saturnia,
1112 1307 1268 1384 cardine
1279 1310 1381 1386 feeit.

449 1435 537 1510 Sola
547 1437 677 1513 Venus
688 1451 808 1538 portae
820 1436 994 1512 eecidjsse
1006 1437 1182 1536 repagula
1197 1441 1335 1537 sensit,
1365 1509 1368 1514 .

450 1565 500 1640 Et
514 1565 686 1642 elatrsura
697 1565 792 1664 fuit3
808 1566 884 1640 nisi
900 1566 1004 1666 quod
1017 1565 1231 1642 rescindere
1246 1593 1453 1666 nunquam

452 1695 522 1770 Dis
537 1697 624 1773 lieet
639 1711 719 1776 acta
730 1696 868 1773 Deum.
884 1699 905 1770 J
907 1722 980 1770 ano
993 1697 1075 1770 loca
1087 1698 1218 1793 juncta
1230 1699 1412 1772 tenebant

454 1824 589 1900 Naides
603 1825 782 1902 Ausoniae
790 1886 802 1926 ‚
820 1825 942 1926 gelido
955 1827 1122 1902 rorantia
1134 1826 1240 1902 fonte
1248 1858 1260 1925 ;
1274 1849 1279 1866 ·

454 1955 531 2029 Has
547 1969 650 2054 rogat
662 1958 866 2032 auxilium.
880 1957 956 2033 Nec
969 1957 1157 2057 Nymphae
1169 1961 1269 2056 justa
1280 1972 1475 2058 petentem

456 2089 680 2166 sustinuere
691 2091 808 2168 Deam
829 2119 837 2164 :
853 2115 1044 2192 venusque
1058 2103 1096 2168 et
1107 2092 1268 2170 flumina
1283 2093 1399 2172 fontis
1556 2089 1564 2184 l

454 2220 626 2296 Elicuere
638 2222 710 2296 sui.
730 2221 912 2298 Nondum
928 2235 1056 2300 tamen
1072 2225 1180 2300 invia
1195 2226 1282 2300 ani
1361 2291 1364 2296 ,

455 2354 533 2428 Ora
548 2355 709 2452 patentis
725 2367 853 2452 erant,
871 2381 997 2454 neque
1009 2356 1083 2431 iter
1095 2356 1335 2456 praeluserat
1349 2353 1470 2436 unda.

456 2483 599 2558 Lurida
615 2499 838 2585 supponunt
850 2485 1030 2562 foecundo
1046 2485 1192 2562 sulfura
1206 2485 1304 2564 fonti
1316 2483 1350 2584 ³,

454 2617 745 2718 Incendtmtque
758 2646 884 2720 cavas,
901 2619 1075 2696 fumante
1091 2619 1306 2716 bitumine,
1323 2643 1458 2694 venas.

455 2747 613 2822 Viribus
630 2749 691 2823 his
704 2751 861 2850 aliisque
873 2777 992 2849 vapor
1003 2751 1216 2850 penetravit
1227 2751 1273 2826 ad
1290 2750 1369 2843 ima

458 2878 586 2954 Fontis
605 2909 612 2955 :
633 2893 670 2956 et
686 2881 827 2981 Alpino
839 2883 954 2958 modb
968 2910 1054 2982 quae
1067 2895 1209 2960 certare
1224 2883 1368 2982 rigori⁴

457 3009 681 3110 ludebatis,
697 3038 823 3111 aquae,
837 3039 918 3088 non
934 3013 1066 3088 ceditis
1079 3015 1230 3112 ignibus
1246 3015 1350 3112 ipsis.

503 3233 512 3262 ¹
534 3225 650 3304 Nempe²
662 3227 770 3286 Sabini.
786 3231 867 3286 Nam
885 3228 973 3288 Cures
984 3185 1028 3288 est
1039 3229 1106 3287 urbs
1112 3231 1261 3306 primane
1273 3228 1459 3288 Sauum.

499 3347 514 3378 ²
532 3343 699 3413 Romulus,
713 3343 759 3401 lils
772 3343 809 3402 de
822 3345 904 3402 usn
919 3355 949 3402 et
962 3344 1000 3402 de
1012 3345 1041 3402 la
1054 3345 1163 3402 vestale
1177 3344 1242 3401 ltin.

502 3455 516 3494 ³
538 3463 681 3522 Describit
682 3469 775 3540 poi-'ta
788 3465 975 3522 mutationem
987 3461 1315 3540 aquarumsn'gr'damm
1326 3461 1358 3518 in
1369 3461 1494 3516 cabitur.

460 3561 587 3637 Sulphur
601 3563 672 3618 satr's
687 3577 729 3620 est
744 3577 853 3622 notum.
871 3563 1007 3622 Br'tumen
1022 3565 1094 3621 ver-d
1105 3579 1196 3640 genus
1211 3573 1255 3618 est
1261 3557 1497 3638 pietsacutimt

461 3662 541 3736 ignes
554 3662 756 3722 contrahentis.
882 3675 885 3684 ’

502 3775 516 3820 ⁴
535 3781 648 3850 lanus,
661 3781 734 3840 dans
746 3783 773 3838 le
786 3783 913 3857 premier
930 3782 1005 3838 livre
1018 3781 1069 3839 des
1080 3781 1196 3848 Frater,
1211 3796 1241 3836 se
1253 3775 1352 3836 donne
1364 3775 1407 3834 les
1418 3775 1498 3836 bon-

461 3893 551 3936 neurs
564 3879 606 3936 du
618 3879 737 3940 mirncle
750 3879 897 3957 qu'Ovide
908 3880 1037 3939 attribue
1050 3881 1087 3938 ici
1098 3899 1157 3938 anx
1166 3877 1317 3955 Nympha
1327 3875 1418 3932 d’nne
1428 3875 1497 3932 lon·

461 3975 541 4034 tuine
554 3978 667 4036 voisine
685 3979 722 4038 de
739 3999 793 4038 son
810 3983 928 4057 temple.
949 3981 998 4038 On
1012 3991 1086 4057 peut
1101 3997 1255 4058 comparer
1267 3977 1296 4036 le
1308 3981 1396 4054 poete
1410 3974 1499 4034 tlat-

463 4074 558 4132 rntnre
570 4075 645 4136 dans
656 4087 731 4136 cette
743 4078 854 4138 double
865 4079 1055 4159 description.
