3178 5350
444 541 515 627 ioss
558 565 643 622 uas
672 533 1114 618 udrauoarnosaa
1143 560 1373 641 movrna,

489 711 688 809 Indignata
702 708 782 782 Dea
798 719 853 782 eat
870 735 878 781 :
895 718 933 780 et
947 705 1084 780 laedere
1100 721 1288 805 quatenus
1305 711 1432 807 ipsum
1473 731 1474 736 ’

439 842 526 928 Non
539 849 703 938 poterat,
722 861 793 910 nec
809 837 923 910 vellet
934 863 1085 933 amam3
1104 840 1281 916 irascitur
1294 843 1373 938 illi,

437 969 534 1058 Quae
547 968 619 1042 eibi
632 968 784 1066 praelata
797 979 852 1040 est
868 996 876 1040 :
891 967 1126 1064 Venerisque
1140 969 1280 1044 offensa
1293 971 1458 1068 repulsi,

437 1099 618 1176 Protinus
631 1095 833 1172 horrendis
850 1094 1006 1170 infamio
1018 1095 1158 1193 pabula
1170 1097 1290 1172 suecis

436 1230 628 1326 Conterit3
647 1241 685 1302 et
697 1228 796 1302 tritis
809 1226 985 1302 Hecateia
1001 1228 1170 1302 earmina
1181 1229 1327 1302 miscet.

433 1363 657 1460 Gaetulaque
670 1359 848 1432 induitur
864 1358 1054 1432 velamina
1071 1389 1079 1433 :
1095 1385 1239 1458 perque
1252 1359 1420 1434 ferarum

434 1492 578 1590 Agmen
592 1489 817 1563 adulantum
831 1485 956 1562 medit
969 1485 1139 1584 procedit
1151 1489 1199 1563 ab
1212 1488 1314 1584 aulri3

433 1623 739 1723 Oppositumque
752 1629 884 1718 petens
897 1628 1029 1690 contra
1044 1618 1219 1691 Zancleia
1231 1643 1322 1694 saxa

433 1751 625 1850 Rhegion,
644 1747 857 1846 ingreditur
870 1745 1058 1820 ferventes
1075 1745 1228 1819 uestibus
1245 1743 1390 1820 undas:

430 1887 478 1962 In
491 1885 652 1983 quibus,
667 1893 713 1956 ut
725 1879 860 1976 solidi,
879 1879 990 1977 ponit
1002 1879 1176 1976 vestigia,
1196 1879 1298 1976 ripa,

430 2017 663 2113 Summaque
678 2011 849 2087 decurrit
861 2007 1022 2108 pedibus
1035 2033 1149 2106 super
1162 2033 1314 2104 aequoiu
1327 2007 1446 2083 siccis.

478 2147 623 2222 Parvus
640 2157 719 2218 erat
731 2167 881 2242 gurges,
900 2167 1039 2215 curvos
1053 2141 1226 2215 sinuatus
1242 2141 1285 2216 in
1299 2167 1408 2216 amus
1416 2199 1429 2240 ,
1574 2183 1575 2232 t

422 2267 542 2352 'Grata
558 2277 666 2374 quies
683 2275 815 2373 Scyllae
832 2303 840 2348 :
857 2275 934 2371 quo
947 2299 986 2346 se
1002 2269 1186 2346 referebat
1202 2275 1249 2347 ab
1262 2286 1357 2348 ectu

428 2407 476 2481 Et
488 2406 604 2480 maris
617 2417 654 2478 et
666 2405 776 2504 coeli,
791 2403 918 2478 medio
931 2405 1020 2477 ciam
1033 2404 1225 2502 plurimus
1238 2406 1330 2480 orbe
1344 2412 1355 2442 ¹

427 2541 491 2614 Sol
505 2551 603 2638 erat,
622 2551 660 2612 et
673 2539 886 2612 minimaea
902 2537 1044 2612 vertice
1057 2536 1194 2612 fecerat
1206 2539 1373 2614 umbrae.

425 2675 464 2748 H
466 2701 541 2748 unc
556 2675 636 2750 Dea
649 2672 857 2769 praevitiat,
877 2669 1209 2770 portentiferisque
1222 2673 1382 2746 venenis

425 2805 619 2902 Inquinat.
638 2801 711 2876 Hie
727 2827 873 2898 pressos
885 2799 1012 2872 latices
1027 2799 1151 2873 radice
1168 2787 1330 2874 nocenti.

422 2934 569 3032 Spargit
585 2962 593 3006 ε
609 2909 667 3029 et,
684 2933 890 3004 obscurum
903 2931 1109 3004 verborum
1118 2933 1269 3028 ambage
1282 2957 1491 3033 novorum,

422 3061 498 3136 Ter
511 3061 643 3136 novies
656 3085 808 3132 omnen
820 3040 963 3158 magico
975 3061 1239 3136 demurmurat
1254 3089 1333 3136 ore.
1574 3145 1575 3178 ,

408 3217 410 3222 ·
469 3191 591 3290 Scylla
604 3190 729 3288 venit,
748 3189 1071 3288 mediiquetenus
1084 3192 1443 3292 descenderatalvo,
1574 3185 1575 3212 ³

419 3325 518 3398 Ciam
530 3349 598 3396 sua
610 3319 746 3396 foedari
759 3323 983 3398 latrantibus
997 3325 1154 3424 inguina
1167 3327 1347 3401 monstris

418 3455 563 3555 Aspicit
580 3485 588 3531 :
604 3482 646 3530 ac
662 3457 788 3556 primo
802 3483 881 3532 nou
894 3457 1050 3532 credens
1067 3459 1235 3557 corporis
1251 3459 1334 3533 ilias

417 3587 505 3664 Esse
517 3588 577 3662 sui
590 3599 732 3687 partae,
749 3587 981 3691 refugitque,
999 3593 1207 3691 abigitque,
1227 3593 1413 3690 timetque

460 3805 470 3836 ¹
490 3803 532 3860 Le
549 3802 669 3859 chaleur
680 3799 722 3858 du
733 3801 807 3876 jour
822 3816 865 3862 est
878 3806 1024 3881 exprimde
1037 3807 1073 3864 ici
1085 3825 1140 3882 par
1152 3827 1211 3865 une
1224 3807 1456 3865 circonlocution

416 3900 577 3978 poetique,
597 3901 670 3978 qui,
689 3900 762 3957 dans
781 3915 866 3985 notre
887 3905 1015 3982 langue,
1033 3905 1162 3966 u’aureit
1179 3925 1222 3985 pu
1241 3923 1271 3965 se
1289 3904 1380 3963 mtler
1396 3905 1413 3963 d
1429 3906 1457 3962 le

415 3999 593 4080 description
606 4039 615 4068 ‚
629 4017 696 4058 sens
710 3999 907 4062 embarraeaer
920 4005 948 4064 lu
961 4005 1078 4083 phrase.
