3170 5366
428 563 500 646 280
542 583 629 640 nas
657 550 1099 660 udrsuoaruosns
1129 577 1362 659 norrun,

424 731 550 832 Atque
563 753 661 806 onus
676 729 833 829 infelix,
852 728 941 804 ctist
953 728 1078 828 fauce,
1092 731 1287 830 pependit.

423 861 650 960 lotapedum
658 871 766 936 motu
772 857 1053 960 trepidantium,
1068 862 1455 960 utmultagementem

421 991 512 1068 Visa
523 993 668 1068 dedisse
678 1018 817 1068 sonum
830 1003 903 1090 est,
919 991 1169 1092 adapertaque
1181 992 1451 1090 januafactum

421 1121 596 1197 Prodidit
613 1152 621 1196 :
636 1123 849 1198 exclamant
863 1121 998 1198 famuli
1015 1149 1023 1196 :
1038 1121 1254 1228 firmtraque
1266 1125 1460 1222 levatum‚·

421 1251 519 1328 Nam
535 1265 641 1352 pater
655 1252 857 1350 occident,
872 1251 1043 1328 referunt
1058 1252 1106 1326 ad
1121 1253 1257 1328 limina
1268 1253 1414 1330 matris.

422 1383 572 1484 Accipit
586 1385 653 1460 illa
667 1386 775 1481 sinu,
794 1384 1065 1483 complexaque
1081 1379 1216 1480 frigida
1229 1382 1310 1456 uati

422 1513 593 1590 Membra
605 1514 684 1610 sui,
700 1525 786 1612 post
797 1513 913 1611 qu'am
927 1511 1155 1587 miserarum
1164 1511 1282 1586 verba
1293 1509 1497 1610 parentium

421 1642 570 1740 Edidit3
589 1656 627 1716 et
640 1655 808 1720 matrum
822 1645 1049 1718 miserarum
1060 1639 1156 1716 facta
1168 1640 1329 1739 peregit3

422 1771 574 1844 Funera
590 1768 751 1846 ducebat
762 1767 927 1843 mediam
940 1769 1147 1866 lacrymosa
1159 1793 1228 1865 per
1240 1768 1396 1864 urbem,

421 1898 642 1998 Luridaque
653 1925 787 1975 arsuro
803 1907 811 1938 ¹
826 1900 998 1998 portabat
1011 1899 1182 1973 membra
1194 1895 1344 1974 feretro.

422 2031 534 2106 Forte
546 2032 620 2106 vise
633 2031 761 2106 vicina
772 2031 931 2128 domus,
947 2031 1022 2130 qut
1034 2031 1169 2107 flebilis
1185 2031 1264 2106 ibat
1364 2126 1368 2135 Ι

420 2159 586 2256 Pompa5
599 2157 675 2234 fuit
692 2187 700 2232 :
718 2157 901 2258 duraeque
916 2183 1032 2234 sonus
1044 2158 1232 2256 plangoris
1244 2158 1290 2232 ad
1304 2183 1416 2234 aures

423 2287 539 2364 Venit
551 2288 797 2388 Anaxaretes,
813 2315 928 2388 quam
944 2293 1020 2386 jam
1033 2291 1138 2364 Deus
1151 2291 1254 2366 ultor
1266 2291 1394 2390 agebat
1409 2297 1437 2364 ⁸.

422 2419 526 2495 Mota
536 2432 681 2518 tamen,
697 2419 921 2518 Videamus,
940 2422 1012 2518 ait,
1027 2421 1239 2496 miserabile
1251 2421 1370 2496 funus
1379 2453 1390 2520 ;

421 2547 470 2622 Et
485 2549 625 2647 patulis
638 2547 728 2623 iniit
740 2561 883 2624 tectum
896 2549 1059 2624 sublime
1071 2547 1258 2624 fenestris.

422 2677 502 2754 vix
515 2680 612 2754 bene
626 2679 877 2778 compositum
893 2681 989 2754 lecto
1002 2691 1246 2780 prospexerat
1259 2681 1395 2778 Iphin,

420 2807 628 2906 Deriguere
640 2807 742 2883 oculi
759 2837 767 2884 :
783 2807 1002 2908 calidusque
1015 2837 1036 2884 e
1050 2837 1208 2910 corpore
1220 2813 1388 2910 sanguis,

420 2937 584 3014 Inducto
597 2937 754 3038 pallore,
769 2938 878 3038 fugit.
895 2941 1111 3040 Conataque
1125 2941 1227 3016 retrd

421 3068 534 3142 Ferre
546 3068 675 3168 pedes,
690 3068 801 3142 haesit
820 3099 828 3143 ε
845 3042 976 3144 conata
988 3084 1157 3146 avertere
1169 3071 1319 3168 vultus3

420 3196 503 3271 Hoc
516 3221 670 3294 quoque
682 3221 762 3272 non
774 3199 900 3296 potuit
917 3199 1199 3300 :paulatimque
1216 3211 1374 3300 occupat
1384 3213 1513 3302 artus,

422 3319 535 3410 Quod
548 3320 624 3396 fuit
637 3325 680 3395 in
693 3320 791 3396 duro
802 3325 879 3420 jam
895 3323 1044 3422 pridem
1056 3337 1224 3424 pectore,
1243 3353 1392 3402 saxum.

469 3451 574 3526 Neve
590 3479 633 3526 ea
643 3451 728 3526 ficta
739 3465 867 3552 putes,
886 3453 1051 3528 dominae
1068 3457 1139 3532 sub
1152 3457 1316 3556 imagine
1337 3457 1492 3554 signum

420 3583 556 3659 Servat
564 3581 690 3658 adhuc
698 3583 852 3659 Salamis
862 3583 874 3624 ³
885 3616 893 3660 ε
904 3585 1060 3662 Veneris
1068 3615 1183 3688 quoq5
1193 3589 1349 3664 nomine
1357 3589 1548 3688 templum

466 3752 477 3782 ¹
500 3749 650 3806 Feretrum
665 3751 742 3808 enim
758 3752 817 3810 und
832 3773 897 3810 cum
914 3755 1056 3813 cadavere
1070 3757 1298 3814 comburebatur.

462 3851 477 3882 ⁸
501 3849 598 3921 Quam
603 3849 822 3924 jam-Nemera
836 3855 981 3930 superbia*
996 3857 1085 3914 eunte
1093 3859 1334 3934 persequebatur.

463 3935 477 3976 ³
501 3943 627 4004 &lamis
640 3959 685 4004 est
696 3949 763 4008 urbs
774 3951 806 4010 iu
820 3951 934 4030 Cypro,
949 3975 971 4013 a
987 3956 1096 4014 Tenem
1102 3943 1233 4034 profugo
1248 3957 1400 4032 oedficata
1407 3999 1418 4026 ,
1433 3969 1465 4015 et

424 4047 528 4103 Veneri
536 4047 712 4122 matrimes.
