3216 5344
393 537 462 618 258
505 556 588 612 uus
618 523 1053 608 uleruonrnosrs
1085 547 1312 628 movrou,

440 705 561 804 Scylla
572 705 670 776 latus
684 699 884 794 dextrum,
902 697 1045 772 laevum
1058 677 1263 795 irrequieta
1276 702 1512 800 Charybdis

388 831 593 906 infestant:
610 840 719 904 voret
731 827 831 921 hmo,
847 837 970 922 raptas
984 827 1242 922 revomitque,
1257 829 1431 928 cariue53
1605 819 1606 832 ¹

391 959 461 1033 Illa
474 960 562 1036 feris
575 972 694 1034 atrum
711 956 868 1030 canibus
885 955 1117 1052 succingitur
1129 958 1278 1054 alvum,

389 1095 556 1194 Virginis
570 1121 638 1168 ora
653 1117 783 1191 gerens
800 1118 807 1165 :
824 1102 881 1186 et,
897 1090 1023 1162 sinon
1036 1089 1165 1162 omnia
1177 1101 1280 1186 votes

378 1227 491 1302 ¹Ficta
506 1227 766 1324 reliquerunt,
785 1219 912 1317 aliquo
928 1245 1082 1316 quoque
1094 1230 1263 1316 tempore
1280 1221 1400 1319 virgo.

389 1355 496 1434 Hunc
511 1357 624 1432 multi
640 1354 781 1453 petiere
793 1351 899 1449 proci
915 1377 924 1421 t
939 1349 1081 1446 quibus
1096 1349 1161 1420 illa
1175 1349 1335 1446 repulsis
1520 1444 1525 1452 Ι

387 1490 448 1590 Ad
462 1489 580 1590 pelagi
592 1485 806 1586 Nymphas,
821 1481 940 1580 pelagi
955 1481 1162 1578 gratissima
1175 1481 1383 1580 Nymphis,

389 1623 471 1699 Ibat
487 1651 495 1696 :
512 1633 549 1694 et
561 1619 683 1692 elusos
700 1619 889 1712 juvenum
905 1615 1080 1688 narrabat
1095 1639 1253 1687 amores.

437 1753 580 1846 Quam,
595 1747 690 1822 dum
706 1745 907 1844 pectendos
920 1749 1062 1844 praebet
1076 1745 1224 1818 Galatea
1237 1745 1408 1844 capillos,

385 1879 540 1954 Talibus
552 1876 778 1973 alloquitur,
794 1888 967 1972 repetens
986 1874 1166 1972 suspiria,
1182 1875 1304 1950 dictis.

387 2011 602 2103 Telamon,
620 2007 663 2082 6!
680 2007 805 2105 virgo,
821 2033 938 2105 genus
950 2008 1055 2081 haud
1072 2009 1220 2082 immite
1233 2007 1410 2084 virorum

387 2141 560 2240 Expetit3
576 2151 695 2237 utque
712 2137 820 2235 facis,
835 2151 939 2236 potes
952 2137 1014 2212 his
1029 2139 1189 2238 impune
1205 2165 1354 2238 negure3

387 2272 439 2346 At
450 2270 567 2366 mihi,
584 2269 648 2344 cui
660 2281 766 2367 pater
778 2281 834 2343 est
846 2269 1008 2366 Nereus,
1026 2295 1141 2368 quam
1155 2271 1291 2345 caerule
1302 2271 1418 2344 Doris

386 2397 509 2498 Enixa
522 2409 598 2494 est3
615 2423 700 2496 quae
714 2423 800 2472 sum
812 2397 926 2472 turbl
938 2425 1092 2496 quoque
1108 2411 1190 2474 tute
1201 2425 1397 2496 sororum,

329 2601 333 2616 ,
386 2526 491 2622 Non,
509 2526 585 2599 nisi
598 2553 666 2624 per
681 2527 840 2624 fluctus,
856 2527 1153 2628 licuit,Cyolopis
1166 2555 1332 2605 amorem

297 2675 298 2679 ’
385 2659 556 2758 Effugere
573 2689 581 2734 ε
601 2673 638 2733 et
653 2661 828 2760 lacrymae
844 2689 978 2737 vocem
994 2663 1198 2761 impediere
1214 2665 1418 2762 loquentis.

434 2791 537 2878 Quas
550 2796 619 2867 ubi
632 2821 843 2869 marmoreo
855 2793 1010 2868 detersit
1024 2795 1157 2892 pollice
1169 2795 1275 2892 virgo
1283 2855 1294 2892 ,

384 2925 433 2996 Et
448 2923 561 2996 solata
573 2925 691 2997 Deam
705 2937 776 3018 est3
793 2925 925 3023 Refer,
941 2927 964 3000 ὃ
979 2930 986 2998 !
1004 2927 1212 3021 carissimo,
1232 2916 1331 2999 dixit
1340 2957 1351 3023 ;

354 3129 358 3158 ,
385 3054 488 3128 Neve
504 3053 563 3126 tui
576 3079 725 3137 causam
739 3069 818 3154 tege
828 3116 838 3152 ,
858 3083 943 3130 sum
960 3057 1030 3130 tibi
1043 3046 1135 3153 fida,
1153 3057 1305 3130 doloris.
1398 3108 1402 3116 -

312 3275 330 3286 Γ
384 3181 514 3255 Nereis
526 3179 588 3252 his
604 3193 734 3254 contra
747 3196 915 3256 resecuta
932 3183 1112 3256 Cretaeide
1127 3193 1264 3255 nutum.

497 3343 1311 3478 x11101'2'0upeemum0u,eleatem.

432 3571 544 3646 Acrs
561 3586 640 3647 erat
653 3633 664 3670 ,
679 3573 810 3648 Fauno
823 3571 1076 3673 Nymphelque
1091 3571 1321 3672 Symaethide
1334 3584 1474 3673 cretus,
1571 3645 1579 3654 ,

384 3701 518 3800 Magno
533 3704 688 3800 quidem
704 3705 895 3803 petrisque
909 3705 970 3777 sui
982 3705 1187 3801 matrisque
1200 3701 1394 3800 voluptas,

385 3823 517 3906 Nostro
530 3845 656 3908 tamen
670 3839 801 3934 major.
819 3837 914 3910 Nam
928 3861 990 3908 mc
1002 3835 1074 3908 sibi
1087 3837 1265 3930 junxerat
1280 3831 1351 3904 uni

383 3957 546 4036 Pulcher
564 3992 572 4035 :
587 3975 623 4036 ot
630 4023 640 4062 ,
656 3965 800 4040 octonis
815 3967 957 4039 iterum
974 3965 1160 4042 nauuibus
1175 3962 1283 4058 actis,
