3170 5366
422 595 492 674 262
538 611 623 666 Las
651 573 1097 664 Mbrsuoarnosns
1125 608 1362 686 u’ovtnn,

419 761 497 836 Neo
512 768 705 854 sceptrum
717 753 857 849 soceri,
874 777 944 826 nee
961 764 1020 849 te,
1039 753 1200 830 lavinia
1213 757 1345 856 virgo,

419 885 493 962 Sed
507 885 643 960 vicisse
658 891 689 982 ²,
704 893 842 982 petunt
859 909 867 955 ε
885 879 1178 982 deponendique
1190 885 1340 984 pudore

418 1016 521 1091 Bella
534 1026 682 1114 gerunt.
699 1011 949 1110 Tandemque
959 1011 1091 1088 Venus
1103 1014 1276 1090 vionicia
1287 1015 1371 1094 neti

323 1203 324 1208 ,
418 1147 534 1222 Arma
546 1144 670 1240 videt,
685 1143 919 1239 Turnusque
933 1139 1033 1220 cadit
1049 1170 1058 1215 :
1075 1139 1176 1218 cadit
1188 1143 1334 1240 Ardea,
1347 1140 1487 1218 Turno

417 1274 581 1374 Sospite,
595 1273 695 1350 dicta
706 1283 841 1372 potens
852 1299 859 1346 :
870 1295 986 1370 quarn
999 1284 1086 1371 post
1098 1274 1216 1371 quim
1229 1275 1417 1350 barbarus
1428 1272 1518 1370 ignis

416 1406 601 1504 Abstulit,
616 1417 654 1480 et
666 1404 793 1504 tepida
804 1403 1003 1480 latuerunt
1018 1417 1116 1480 tecta
1129 1405 1260 1480 favilla
1268 1436 1281 1502 3

417 1537 598 1636 Congerie
611 1561 631 1608 e
644 1533 786 1630 medis,
801 1546 884 1608 tum
902 1535 1074 1632 primum
1087 1533 1251 1631 cognita,
1267 1557 1417 1631 prepes

417 1665 601 1740 Subvolat
621 1691 629 1738 :
647 1675 685 1736 et
700 1662 846 1736 eineres
858 1661 999 1758 plausis
1016 1660 1212 1735 everberat
1224 1661 1305 1736 alis.

416 1799 466 1872 Et
479 1821 614 1891 sonus,
630 1804 667 1868 et
681 1793 839 1891 macies,
856 1805 894 1866 et
909 1793 1053 1890 pallor,
1071 1805 1109 1867 et
1121 1792 1267 1892 omnia,
1283 1805 1433 1892 captam

418 1925 514 2013 Quae
529 1923 686 1998 deceant
701 1923 861 2019 urbem,
878 1897 1021 1998 nomen
1035 1950 1188 2022 quoque
1201 1925 1342 2000 mansit
1357 1926 1402 1999 iu
1419 1925 1484 2000 illa

415 2055 532 2133 Urbis
549 2083 557 2130 :
575 2067 614 2132 et
628 2053 710 2153 ipsa
724 2053 803 2128 suis
815 2053 1055 2154 deplangimr
1070 2056 1194 2132 Ardea
1209 2061 1360 2156 pennis.

473 2253 571 2330 XII.
608 2253 753 2326 AEneos
776 2247 832 2324 ad
853 2272 1007 2351 superos
1027 2255 1250 2330 tremum.
1280 2253 1409 2329 Primi

758 2381 986 2458 Latinorum
1008 2409 1126 2483 reges.

464 2579 487 2655 J
493 2598 653 2666 moun
669 2577 768 2651 Deos
781 2601 934 2675 omnes,
953 2576 1151 2678 ipsamque
1163 2579 1298 2656 AEne'ia
1308 2583 1438 2656 virtus

416 2711 610 2785 Iunonem
623 2719 769 2782 veteres
785 2706 899 2783 finire
913 2713 1080 2806 coegerat
1095 2709 1186 2806 iras3

417 2845 535 2942 Cum,
553 2843 651 2918 bene
667 2839 836 2914 fundatis
851 2839 988 2938 opibus
1004 2840 1203 2914 crescentis
1216 2841 1315 2938 Iiili,

416 2973 682 3071 Tempestivus
697 2981 776 3044 erat
792 2971 888 3044 coelo
901 2967 1126 3067 Cythereius
1140 2971 1272 3070 heros3

417 3103 689 3200 Ambieratque
701 3101 832 3175 Venus
846 3101 1010 3200 Superos
1025 3129 1034 3174 ε
1051 3103 1224 3202 oolloque
1238 3105 1410 3202 parentis

417 3235 655 3313 Circumfusa
671 3233 750 3332 sui,
765 3233 985 3331 Numquam
1001 3233 1118 3332 mihi,
1134 3232 1301 3334 dixerat,
1323 3237 1403 3310 ullo

330 3433 331 3436 ,
416 3368 603 3467 Tempore
620 3365 717 3440 dure
733 3375 859 3462 pater,
876 3391 982 3439 nunc
998 3367 1049 3438 sis
1065 3366 1311 3463 mitissimus,
1327 3393 1418 3464 or03

433 3547 436 3554 ’
460 3541 468 3572 ¹
494 3535 1463 3614 Vicissepoursieeriam.c'estunbenennmetrtselegantdnns

414 3639 441 3694 la
455 3636 553 3714 poesie
566 3634 667 3694 latine.
680 3637 767 3696 Perse
780 3653 810 3694 se
823 3647 883 3695 sert
891 3633 928 3694 de
938 3637 967 3696 la
978 3637 1072 3696 meme
1083 3637 1235 3708 locutios,
1245 3637 1372 3716 quisied
1384 3639 1462 3696 tres·

414 3737 484 3795 bien
498 3736 515 3794 i
528 3753 584 3794 son
595 3733 766 3792 laconisme.

593 3844 657 3894 Scin
671 3856 739 3893 tuum
754 3843 818 3895 nabit
827 3857 869 3894 est.

414 3947 482 4004 Une
492 3945 600 4022 phrase
611 3945 721 4003 entitre
732 3947 769 4008 de
777 3965 865 4025 prose
876 3965 913 4006 ne
924 3944 1012 4008 diruit
1023 3965 1077 4024 pas
1090 3947 1191 4008 sihien
1201 3965 1233 4006 ce
1245 3943 1318 4025 qu'il
1327 3945 1460 4024 exprime

416 4061 452 4102 en
464 4043 490 4104 si
502 4040 711 4122 peudemots.
