3170 5366
436 638 443 654 ἱ

329 775 332 786 Ι
385 679 458 774 278
499 693 584 750 nus
614 661 1051 750 uirtuonrnoses
1083 689 1315 771 novius,

250 820 253 830 ¹
383 839 469 916 Nou
485 837 575 913 tulit
589 836 790 934 impatiens
803 833 1107 934 longitormenta
1119 835 1262 912 doloris
1378 857 1382 864 ·

383 969 507 1067 lphis,
524 979 561 1042 et
572 978 659 1042 ante
671 963 770 1040 fores
782 963 865 1039 haec
878 963 994 1040 verbs
1006 965 1214 1066 novissima
1224 965 1340 1044 dixit.
1421 989 1427 996 ·

382 1098 534 1195 Vincis,
549 1096 761 1170 Anaxarete
779 1123 787 1170 :
802 1119 928 1194 neque
942 1106 1057 1170 erunt
1068 1095 1140 1170 tibi
1156 1097 1269 1172 todia
1280 1096 1437 1174 undem

383 1225 470 1300 Uila
482 1223 636 1301 ferenda
649 1222 760 1300 mihi.
782 1221 903 1298 Laetos
918 1221 1053 1298 molire
1068 1222 1309 1324 triumphos,
1405 1231 1411 1242 '

383 1361 432 1436 Et
446 1349 581 1438 Poeans
592 1385 704 1456 voca,
723 1354 921 1464 nitiddque
933 1356 1125 1460 incingere
1137 1357 1259 1434 lamo.

383 1490 515 1566 Vincis
529 1490 652 1586 enim,
667 1487 887 1586 mou’oique
900 1486 1023 1562 libens
1033 1515 1041 1561 :
1052 1511 1135 1588 nge,
1148 1485 1288 1586 forres,
1302 1485 1436 1585 gaude.

385 1623 493 1696 Certe
509 1619 654 1720 aliquid
670 1617 823 1694 laudare
835 1617 912 1694 urei
926 1618 1083 1718 cogens,
1099 1619 1247 1720 eritque

386 1753 474 1841 Quo
490 1752 561 1827 tibi
574 1753 648 1828 sim
663 1762 790 1852 gratus
801 1750 1077 1849 :meritumque
1091 1749 1256 1826 fatebere
1268 1761 1463 1826 nostrum.v

384 1887 472 1963 Non
484 1897 611 1960 tamen
627 1895 715 1960 unte
729 1885 790 1958 tui
803 1907 937 1959 curam
947 1883 1098 1958 cessisse
1112 1894 1323 1980 memento,

386 2019 512 2106 Qudm
525 2017 667 2114 vitam3
681 2015 904 2116 geminique
920 2023 930 2055 ¹
948 2015 1066 2094 simut
1078 2015 1179 2094 mihi
1190 2015 1276 2092 lucc
1288 2013 1510 2091 emendum.

384 2147 420 2222 N
421 2172 461 2220 ec
474 2145 546 2222 tibi
561 2141 674 2222 Fame
685 2148 763 2220 mei
775 2157 941 2224 ventum
955 2159 1012 2222 est
1022 2147 1161 2224 nuntia
1172 2145 1270 2224 lethi
1277 2179 1289 2246 3

384 2277 469 2376 Ipse
478 2301 562 2376 ego,
580 2303 631 2352 ne
643 2275 815 2375 dubites,
833 2275 947 2354 edero
956 2309 968 2376 3
982 2301 1223 2378 praesensque
1235 2275 1418 2376 videbor,

385 2405 550 2505 Corpore
563 2415 607 2478 ut
621 2405 791 2480 exanimi
803 2405 971 2482 crudelis
983 2407 1132 2482 lumina
1143 2433 1284 2506 posces.

385 2535 425 2608 Si
437 2548 585 2634 temen,
599 2533 645 2610 d!
663 2536 816 2636 Superi,
835 2539 1010 2616 mortalia
1021 2541 1098 2616 fatu
1109 2539 1266 2640 videtis,

384 2667 471 2744 Este
483 2669 561 2744 mei
572 2693 758 2744 memores
775 2698 783 2744 :
799 2669 901 2744 nihil
914 2672 1015 2748 ultra
1026 2673 1155 2773 lingua
1166 2677 1315 2774 procuri

385 2802 570 2899 Sustinet3
590 2812 627 2875 et
641 2800 753 2900 longo
768 2799 880 2876 facite
892 2813 938 2876 ut
949 2829 1208 2882 memoremur
1220 2807 1265 2881 in
1276 2831 1378 2905 aev03

383 2935 449 3032 Et,
469 2959 555 3032 quoe
569 2930 757 3008 demsistis
769 2932 877 3028 vito,
892 2931 979 3030 date
990 2945 1162 3033 tempora
1173 2935 1295 3012 famae.

305 3159 308 3168 .
430 3063 541 3142 Dixit
560 3093 570 3142 ι
588 3063 682 3141 etad
695 3075 839 3164 postes,
853 3077 1005 3142 ornatos
1020 3091 1119 3166 saepe
1131 3067 1299 3166 coronis,

382 3181 593 3274 Humentes
609 3195 737 3272 oculos
752 3209 790 3272 et
802 3193 942 3296 pallida
956 3197 1112 3274 brachiu
1122 3197 1305 3296 tendens,

382 3335 481 3408 Cium
496 3329 642 3406 foribus
654 3331 780 3431 laqnei
792 3331 966 3432 religaret
980 3329 1136 3408 vincula
1151 3331 1316 3428 ermimi3
1348 3391 1355 3412 .

382 3466 472 3540 Haec
484 3463 556 3540 tibi
569 3441 668 3540 serta
678 3466 828 3564 placent
842 3473 878 3565 ¹,
896 3465 1060 3542 crudelis
1073 3477 1111 3542 et
1121 3465 1268 3566 impio?
1283 3463 1397 3540 dixit.

381 3599 621 3698 Inseruitque
634 3611 764 3699 caput,
780 3597 844 3674 sed
857 3609 942 3676 tum
956 3622 1255 3698 quoqueversus
1266 3595 1314 3670 ad
1327 3593 1456 3690 iliam5

426 3774 435 3804 ¹
459 3765 497 3822 Et
509 3761 671 3833 cadmeo,
685 3761 1090 3842 cruquoemidialtemlux
1102 3779 1144 3820 es.

424 3865 439 3896 ⁸
461 3863 486 3919 Il
499 3881 518 3940 y
531 3881 550 3920 a
562 3863 718 3940 beaucoup
732 3863 923 3942 d’dloquence
937 3863 1061 3952 dunslce
1074 3882 1134 3940 peu
1147 3861 1184 3920 de
1196 3859 1324 3938 paretes.
1344 3857 1423 3915 C’est

381 3981 440 4020 une
454 3961 548 4020 iconie
560 3963 656 4038 pleine
669 3963 706 4021 de
719 3963 862 4040 reproche
875 3973 904 4022 et
917 3963 1151 4042 d’indignation,
1167 3958 1337 4036 prononcde
1349 3973 1422 4017 arec

380 4061 407 4115 le
428 4058 544 4116 courire
564 4077 646 4118 amer
666 4059 709 4118 du
726 4061 887 4138 desespoir.
910 4061 960 4120 Un
975 4061 1110 4119 discours
1128 4060 1197 4140 plus
1216 4058 1288 4135 long
1304 4066 1333 4114 et
1351 4055 1422 4132 plns

380 4157 549 4237 pathetique
563 4175 601 4218 ne
613 4159 781 4237 produirsit
794 4177 848 4238 pm
860 4161 888 4219 tc
898 4157 993 4220 mdme
1006 4157 1084 4220 edet.
