3170 5366
403 555 477 638 536
519 563 603 626 ces
635 533 1336 646 ndrnuonrsosrsu’orrur,

403 717 564 794 Labitur
576 708 741 786 occiduas
755 733 823 806 per
838 707 912 782 iter
927 704 1074 784 declive
1090 725 1248 790 senectae
1264 722 1289 792 ¹.

402 847 578 946 subripit
590 845 672 918 haec
686 843 779 938 mvi,
793 839 1095 940 demoliturque,
1109 835 1249 940 prioris

402 981 570 1056 Robora:
580 975 719 1070 fletque
726 969 847 1045 Milon
855 969 1002 1068 senior,
1013 972 1103 1048 citm
1117 987 1258 1070 spectat
1270 976 1404 1052 inanes

401 1111 511 1207 Illos,
523 1105 595 1206 qui
606 1103 776 1210 fuerunt,
793 1097 1003 1174 solidorum
1019 1101 1119 1176 mole
1131 1113 1325 1204 tororum,

401 1239 598 1318 Herculeis
611 1232 769 1326 similes,
785 1229 925 1304 fluidos
940 1227 1106 1327 pendere
1121 1231 1289 1308 lacertos.

341 1372 344 1380 ’
401 1375 483 1452 Flet
496 1391 669 1470 quoque,
687 1376 733 1438 ut
746 1363 788 1436 in
801 1359 953 1459 speculo
969 1387 1080 1460 rugas
1092 1364 1238 1460 aspexit
1250 1364 1390 1463 aniles,

396 1497 613 1601 Tyndaris·
628 1523 636 1568 :
652 1503 850 1589 etsecum,
870 1515 940 1564 cur
953 1491 1003 1564 sit
1016 1489 1074 1566 bis
1087 1505 1210 1592 rapta,
1228 1496 1407 1594 requirit.

446 1617 616 1728 Tempus
630 1625 727 1702 edax
739 1651 890 1721 rorum,
907 1635 1029 1722 tuque
1042 1627 1230 1704 invidiose
1243 1642 1431 1729 vetustas,

399 1763 542 1845 omnia
556 1757 750 1836 destruitis
769 1757 778 1830 ε’
797 1755 1005 1854 vitiataque
1019 1757 1198 1834 dentibus
1211 1763 1285 1836 aevi

398 1895 586 1976 Paulatim
598 1889 701 1966 lentat
712 1886 936 1964 consumitis
950 1889 1079 1964 omnia
1092 1903 1227 1966 morte.

519 2125 567 2204 V.
595 2127 767 2202 Diversoe
783 2125 1065 2196 Elementorum
1081 2129 1320 2200 mutationes.

444 2353 1512 2454 Hmcquoq3nonperstantquaenoselementavocsmus.

395 2495 576 2589 Quasque
588 2488 690 2560 vices
703 2495 896 2588 peragant,
912 2481 1057 2556 animos
1071 2481 1265 2579 adhibete,
1279 2483 1434 2561 docebo.

307 2643 315 2711 j
399 2613 404 2630 '
445 2622 637 2709 Quattuor
650 2627 814 2692 aeternus
828 2609 1002 2710 genitalia
1015 2634 1172 2708 corpora
1188 2609 1358 2686 mundus

395 2751 587 2830 Continet.
606 2745 666 2821 Ex
679 2743 754 2818 illis
767 2741 845 2816 duo
859 2753 950 2815 sunt
963 2767 1136 2840 onerosa,
1152 2769 1298 2842 suoque

382 2881 568 2959 Pondere
581 2877 623 2952 in
636 2873 818 2967 inferius,
834 2871 947 2945 tellus
960 2881 1074 2969 atque
1085 2869 1209 2968 unda,
1227 2869 1423 2948 feruntur:

395 3015 445 3090 Et
456 3009 616 3088 totidem
632 3003 813 3106 gravitate
825 3015 973 3100 carent3
993 3003 1176 3102 nulloque
1188 3016 1400 3104 premente,

394 3149 482 3230 Alta
494 3153 649 3244 petunt,
665 3145 748 3237 adr,
763 3150 877 3234 atquc
891 3141 975 3210 aere
989 3137 1124 3234 purior
1137 3135 1246 3234 ignis.

362 3348 367 3362 '
437 3352 448 3383 ¹
469 3337 730 3405 Paterentur,
744 3337 803 3394 sive
814 3337 956 3393 deuterum
968 3348 998 3392 et
1007 3334 1141 3392 deorsdm
1155 3353 1278 3411 vergens
1284 3375 1296 3405 ,
1309 3335 1432 3412 perinde

396 3458 430 3504 ue
442 3443 494 3500 Sel
512 3438 577 3495 cum
596 3435 640 3492 ad
654 3451 789 3490 occasum
804 3435 895 3490 tendit
902 3454 915 3504 ,-
933 3433 1061 3508 proinde
1077 3445 1106 3488 et
1120 3447 1265 3490 senectam
1282 3433 1432 3490 occiduam

394 3549 542 3620 eleganter
558 3537 629 3594 dicit
639 3538 734 3612 poeta
742 3573 753 3602 ,
774 3531 855 3609 qnod
872 3551 910 3589 ea
927 3533 965 3589 n't
973 3534 1101 3608 perinde
1122 3545 1154 3590 ue
1170 3534 1265 3591 oetan's
1281 3531 1430 3591 domenum

394 3639 538 3702 occidens.

436 3742 449 3774 ⁸
470 3733 610 3794 variante
625 3731 669 3789 du
682 3730 788 3788 mdme.

426 3873 429 3882 “
536 3861 624 3912 Ηέίὲηο
637 3877 667 3908 en
678 3862 814 3909 vieillimut
825 3859 906 3924 pleurs
918 3875 958 3908 sur
970 3875 1014 3908 sou
1024 3863 1115 3910 mtroir.

538 3943 588 3987 Ello
602 3941 637 4000 ὴ
651 3943 702 3987 voit
713 3942 793 3998 rides,
805 3949 829 3987 et
842 3955 871 3988 ue
882 3951 940 4004 peut
950 3945 1078 3990 couceroir

536 4027 602 4072 Pour
614 4025 680 4088 <prela
692 4025 798 4072 clurrues
812 4023 873 4072 deux
885 4025 930 4072 fuis
942 4023 986 4072 elle
997 4023 1034 4072 t'ut
1046 4023 1148 4073 auerte.
