3178 5360
429 517 503 600 584
551 537 637 594 urs
666 505 1105 590 uirsuourrsosrs
1135 535 1370 622 u’ovrus,

429 685 728 786 Leucosiamque
744 689 857 785 petit,
875 684 1071 784 tepidique
1084 689 1226 764 rosaria
1238 690 1364 768 Paesti.

429 821 524 896 Inde
537 823 629 920 legit*
637 823 812 918 Capreas,
828 819 1210 918 promontoriumque
1223 823 1433 922 Minervae,

421 954 478 1028 ‘Et
494 953 721 1028 Surrentino
734 975 929 1050 generosos
942 947 1097 1048 palmite
1109 949 1240 1048 colles,

428 1083 728 1181 Herculeamque
738 1083 891 1178 urbem,
904 1081 1141 1180 Stabiasque,
1157 1085 1249 1157 etin
1263 1067 1341 1158 otia
1349 1099 1479 1160 natam

427 1215 713 1314 Parthenopen,
728 1225 766 1288 et
775 1213 822 1288 ab
835 1213 906 1286 hae
919 1213 1081 1286 Cumaeae
1095 1213 1234 1310 templa
1246 1213 1414 1312 Sibyllae.

427 1349 528 1424 Hino
541 1347 654 1424 calidi
663 1337 807 1442 fontes,
824 1343 1173 1441 lentisciferumque
1185 1355 1367 1418 tenentur

427 1479 680 1574 Linternum,
698 1476 936 1572 multamque
947 1473 1100 1548 trahens
1113 1475 1185 1547 sub
1197 1475 1342 1572 gurgite
1353 1501 1505 1550 arenam

426 1611 664 1707 Vulturnus,
676 1607 875 1704 niveisque
890 1605 1068 1702 frequens
1081 1603 1256 1680 Sinuessa
1268 1604 1473 1701 columbis,

425 1739 711 1832 Minturnaeque
723 1757 871 1830 graves,
889 1744 926 1804 et
939 1759 1055 1830 quam
1069 1735 1276 1808 tumulavit
1288 1735 1486 1832 alumnus,

423 1835 717 1967 Antiphataeque
730 1863 888 1960 domus,
904 1863 1144 1962 Trachasque
1156 1867 1301 1939 obsessa
1313 1865 1471 1964 palude,

423 1995 472 2074 Et
487 1999 597 2074 tellus
611 1997 767 2090 Circaea,
784 2006 822 2068 et
837 1993 947 2091 spissi
960 1993 1082 2066 litoris
1100 1993 1271 2069 Antium.

472 2130 559 2206 Huc
571 2128 640 2203 ubi
656 2125 852 2201 veliferam
866 2135 991 2200 nautae
1007 2123 1203 2198 advertere
1219 2126 1409 2222 esrinam3

424 2261 543 2360 Asper
556 2258 660 2332 enim
673 2257 749 2352 jam
763 2267 904 2354 pontus
918 2267 1014 2352 erat,
1032 2256 1136 2328 Deus
1152 2255 1314 2352 explicat
1330 2259 1458 2356 orbes,

423 2389 568 2486 Perque
585 2387 692 2460 sinus
706 2385 856 2458 crebros
869 2397 906 2457 et
919 2411 1053 2482 magna
1067 2385 1265 2458 volumina
1276 2385 1407 2459 labens
1415 2445 1428 2486 ,

421 2517 579 2616 Templa
593 2515 761 2616 parentis
777 2515 871 2610 init,
886 2515 1032 2588 flavum
1045 2515 1235 2613 tangentia
1250 2514 1354 2590 litus.

421 2645 589 2744 AEquore
603 2657 754 2744 paoato,
770 2645 909 2742 patrias
923 2643 1152 2742 Epidaurius
1166 2669 1246 2718 aras

419 2777 602 2875 Linquit:
618 2789 672 2874 et,
688 2775 854 2872 bospitio
867 2777 990 2871 juncti
1004 2775 1077 2848 sibi
1090 2775 1263 2848 numinis
1278 2801 1391 2874 usus,

419 2909 609 2984 Litoream
621 2921 745 2982 tractu
758 2933 924 3004 squamae
936 2905 1153 3002 crepitantis
1165 2931 1319 2980 arenam

418 3041 547 3115 Suloat
562 3067 570 3114 ε
585 3053 639 3137 et,
653 3039 815 3114 innixus
828 3035 1086 3112 moderamine
1099 3037 1228 3133 nevis,
1248 3037 1291 3110 in
1307 3035 1383 3108 altri

416 3175 549 3272 Puppe
563 3185 675 3271 caput
686 3174 835 3271 posuit:
851 3173 972 3246 donec
986 3173 1255 3268 Castrumque,
1268 3195 1465 3269 sacrasque

416 3303 554 3380 Lavini
571 3302 694 3400 sedes,
713 3302 969 3400 Tiberinaque
982 3301 1027 3376 ad
1045 3303 1139 3375 ostia
1155 3301 1275 3374 venit.

464 3433 550 3508 Huc
563 3459 692 3508 omnes
706 3435 839 3532 populi
854 3438 1010 3532 passim,
1028 3443 1270 3531 matrumque
1283 3447 1512 3532 patrumque

415 3563 541 3638 Obvia
552 3565 775 3662 turbaruit3
792 3589 953 3664 quaeque
967 3565 1068 3662 ignes
1087 3572 1111 3663 ¹,
1127 3564 1279 3662 Troica,
1296 3579 1470 3662 servant,

457 3781 467 3812 ¹
486 3779 670 3856 Apostrophe
680 3783 725 3838 ad
741 3783 869 3852 Vestam,
882 3802 971 3857 quam
988 3783 1095 3840 idcireo
1111 3785 1244 3840 Proteum
1258 3795 1362 3850 vocat,
1372 3783 1454 3860 quod

414 3895 435 3930 a
451 3875 540 3946 Trojd
559 3877 756 3952 allatasuetit
772 3879 811 3936 ab
828 3877 939 3941 AEned.
956 3883 984 3936 A
1000 3879 1158 3958 Virginibus
1176 3895 1273 3940 autem
1289 3883 1358 3938 Dea
1374 3883 1452 3939 cole-

413 3971 507 4026 batur.
