3216 5344
463 604 533 680 138
581 620 665 678 aas
693 592 1130 676 utramonanosas
1159 617 1389 698 o’ovtnu,
1426 623 1436 635 ·

461 761 606 860 Aspicit
622 765 783 858 ejectum
797 758 976 858 Polydori
991 760 1034 832 in
1051 759 1161 834 litore
1175 787 1313 860 eorpus
1328 791 1337 836 ε

343 893 348 902 “
459 891 643 990 Factaque
655 889 842 964 Threiciis
858 889 1025 987 ingentia
1037 889 1200 964 vulnera
1211 891 1309 966 telis.

508 1021 673 1098 Troades
689 1023 900 1098 exclamant
918 1049 925 1095 :
942 1021 1137 1096 obmutuit
1148 1022 1212 1098 illa
1224 1022 1370 1120 dolore3

459 1157 507 1230 Et
522 1159 663 1255 pariter
675 1181 827 1251 vocem,
841 1155 1100 1253 lacrymaeque
1117 1155 1306 1232 introrsus
1318 1157 1473 1228 obortas

459 1289 625 1362 Devorat
636 1289 717 1386 ipse
733 1295 741 1324 ¹
757 1288 866 1362 dolor
882 1317 889 1362 :
905 1287 1080 1384 duroque
1096 1287 1290 1362 simillima
1302 1313 1394 1362 saxo

459 1419 602 1518 Torpet
620 1449 627 1492 :
645 1433 682 1496 et
698 1420 853 1496 adverad
867 1419 948 1518 figit
960 1418 1075 1494 modo
1091 1418 1239 1492 lumina
1250 1418 1368 1513 terret,
1465 1513 1469 1520 ἡ

457 1551 657 1627 Interdum
672 1566 801 1628 torvos
817 1551 980 1628 sustollit
993 1551 1040 1626 ad
1058 1551 1198 1626 aethera
1211 1550 1361 1644 vultus3

456 1682 569 1758 Nune
581 1685 695 1782 positi
709 1697 848 1783 spectat
861 1685 1034 1782 vultum,
1050 1709 1157 1758 nunc
1169 1684 1349 1780 vulnera,
1366 1682 1471 1792 nati}

423 1823 429 1839 '
460 1815 629 1892 Vulnera
641 1817 832 1916 praecipue
850 1847 857 1892 :
877 1843 992 1916 aeque
1004 1829 1126 1892 arrnat
1139 1829 1178 1892 et
1191 1817 1349 1890 instruit
1361 1815 1430 1890 irt.

362 1925 365 1932 ¹
460 1947 547 2034 Qua
559 1948 675 2022 simul
689 1948 845 2044 exarsit,
864 1961 1047 2045 tanquam
1061 1948 1188 2046 regina
1202 1957 1389 2042 maneret,

459 2081 597 2158 Ulciaci
609 2086 758 2180 statuit3
777 2109 978 2182 poenaeque
991 2083 1034 2156 in
1050 2083 1212 2182 imagine
1225 2095 1302 2156 tota
1314 2095 1382 2156 est.

348 2275 355 2288 ,
460 2208 589 2308 thue
603 2209 702 2286 furit
718 2213 844 2287 catulo
856 2212 1016 2286 lactente
1027 2215 1157 2286 orbata
1167 2215 1285 2288 leaena
1299 2223 1333 2311 '3

457 2339 1076 2443 Signaq3nactapedum,sequitur,
1087 2369 1202 2442 quem
1209 2343 1571 2441 nonvide17hostem3

458 2470 519 2544 Sic
533 2471 706 2570 Hecube,
725 2485 811 2572 poet
823 2473 939 2571 quim
953 2499 1043 2548 cum
1059 2475 1167 2548 luctu
1182 2475 1336 2548 miscuit
1351 2475 1470 2572 uam,

457 2601 544 2676 Non
556 2601 673 2679 oblita
688 2606 928 2699 animorum,
944 2633 1136 2682 annorum
1148 2607 1266 2682 oblita
1281 2633 1459 2706 auorum,

458 2735 570 2810 Vadit
582 2737 629 2812 ad
642 2736 825 2814 artificem
836 2738 930 2814 dirae
945 2740 1227 2839 Polymnestore
1238 2742 1350 2818 mdis
1356 2773 1369 2839 3

459 2865 777 2966 colloquiumque
793 2869 889 2966 petit
910 2897 917 2943 :
937 2896 1081 2984 namlse
1094 2844 1303 2948 monstrare
1316 2873 1490 2948 relictum

458 2996 564 3072 Velle
577 2999 697 3072 latens
710 3000 767 3074 illi
775 2987 794 3100 ,'
805 3001 907 3100 quod
924 3016 1014 3078 nato
1028 3003 1221 3103 redderet,
1238 3033 1392 3082 aurum.

504 3196 513 3224 ¹
539 3196 722 3271 Remarquea
738 3209 812 3256 cette
822 3199 959 3274 peinture
974 3203 1133 3280 mergique
1145 3202 1182 3260 de
1194 3203 1342 3261 l'extrdme
1354 3201 1490 3260 douleur.

459 3291 521 3350 Elle
534 3304 576 3350 est
590 3293 614 3351 ai
625 3294 692 3352 vive
702 3335 711 3364 ,
722 3317 781 3373 que
793 3299 834 3357 les
845 3299 946 3375 pleuto
957 3299 1001 3359 lui
1013 3314 1176 3380 manquent
1187 3301 1261 3360 alnei
1272 3321 1331 3380 que
1342 3303 1371 3358 la
1382 3302 1491 3378 parole.

460 3391 551 3448 Leues
562 3391 677 3452 dolores
690 3396 846 3470 loquum
851 3439 862 3468 ,
878 3401 1007 3476 ingentes
1020 3413 1143 3477 stupent.

502 3843 516 3874 ⁸
537 3843 602 3896 Hac
622 3843 809 3910 sirnrle'tudt'ne
824 3846 949 3902 ostendit
956 3853 1051 3922 poeta
1069 3859 1210 3922 quantam
1226 3847 1302 3903 ι’ναιη
1320 3845 1490 3921 indignatio-

461 3955 584 4012 nemque
596 3943 759 4015 conceperit
769 3943 889 4002 Heeuba
900 3944 1037 4001 mama
1047 3947 1295 4022 Polymnestorem
1300 3943 1400 4017 ,fian
1412 3957 1492 4018 quem

463 4037 647 4094 educandum
661 4054 843 4118 susceperat,
858 4041 1080 4119 interfectorem.
