3216 5344
450 583 503 686 94
570 597 656 656 nna
683 569 1123 652 uirauonnuoses
1153 593 1383 674 novrne,

452 743 600 842 Integer
613 752 668 816 est
684 740 839 840 clypeus
856 765 865 812 τ
884 749 1037 833 nostro,
1050 737 1120 835 qui
1131 738 1206 814 tela
1218 738 1375 816 ferendo

451 873 557 949 Mille
570 885 672 972 patet
683 871 819 971 plagis,
837 893 962 942 novus
979 879 1034 941 est
1047 893 1239 944 successor
1251 867 1463 945 habendus.

487 1004 692 1102 (Denique,
703 1003 798 1102 quid
810 1000 954 1076 verbis¹
970 1025 1065 1098 opus
1079 1001 1158 1074 est?
1167 1015 1379 1099 spectemur
1389 999 1554 1100 agendo:

420 1178 428 1202 ι
450 1137 567 1216 Arma
580 1137 656 1212 viri
668 1136 777 1210 fortis
793 1133 938 1211 medios
953 1137 1157 1210 mittantur
1170 1135 1212 1210 in
1224 1134 1350 1210 hostes
1359 1167 1370 1233 ;

448 1267 543 1346 Inde
557 1273 684 1367 jubete
694 1271 790 1369 peti,
806 1281 845 1342 et
857 1267 1082 1342 referentem
1096 1279 1226 1342 ornate
1241 1269 1380 1344 relatis.

497 1401 664 1476 Finierat
679 1401 883 1474 Telamone
898 1413 1017 1496 satus,
1036 1399 1216 1498 vulgique
1229 1413 1401 1476 secutum

447 1529 591 1606 Ultima
603 1555 781 1604 murmur
795 1541 875 1602 erat
892 1556 900 1602 :
917 1527 1038 1615 donec
1049 1530 1220 1605 La'e'rtius
1235 1530 1348 1609 heros

447 1637 578 1736 Asiitit
596 1689 605 1734 :
621 1671 733 1756 atque
747 1657 895 1753 oculos,
909 1659 1069 1755 paulum
1082 1659 1218 1734 tellure
1232 1673 1416 1757 moratos,

447 1795 610 1870 Sustulit
621 1793 667 1868 ad
684 1819 876 1892 proceres3
890 1806 1178 1892 exspectatoque
1189 1791 1346 1868 resolvit

381 1953 387 1966 ·
446 1929 524 2002 Ora
540 1953 632 2002 sono
650 1955 659 2001 ι
676 1952 801 2025 neque
813 1927 916 2000 abest
928 1923 1101 1999 facundis
1116 1925 1232 2023 gratia
1243 1923 1366 1998 dictis.

725 2137 778 2212 ll.
812 2139 960 2237 Ulyssis
976 2138 1209 2238 disceptatio.

493 2346 540 2421 Sr
552 2373 637 2422 mea
651 2371 740 2420 cum
757 2347 893 2421 vestris
905 2345 1113 2420 valuissent
1124 2319 1235 2443 ¹vota,
1253 2341 1412 2441 Pelasgi,

313 2549 314 2552 ,
443 2479 528 2556 Non
541 2479 638 2556 soret
651 2481 849 2578 ambiguus
862 2480 959 2552 tanti
972 2477 1186 2553 certaminis
1199 2477 1363 2572 haeres'3

416 2694 418 2702 y
441 2609 579 2712 Tuque
591 2614 668 2687 tuis
681 2613 817 2708 armis,
840 2637 908 2690 nos
921 2623 958 2685 te
970 2599 1201 2710 potiremur,
1218 2609 1377 2684 Achille.

441 2741 567 2828 Quem
580 2743 782 2842 quoniam,
799 2767 878 2815 non
892 2769 1000 2840 aequa
1012 2743 1111 2818 mihi
1124 2742 1324 2840 vobisque,
1338 2735 1525 2838 negti-unt

439 2869 469 2941 F
469 2882 545 2966 ata3
562 2869 775 2968 (manuque
788 2869 905 2944 simul
916 2871 1037 2944 veluti
1050 2869 1294 2970 lacrymantia
1305 2866 1412 2941 tersit

438 2997 603 3072 Lumina
615 2997 648 3096 z)
662 2999 748 3096 quis
764 3021 899 3095 magno
912 2997 1049 3072 melius
1065 2997 1237 3072 succedat
1249 2991 1409 3088 Achilli,

438 3127 565 3216 Quam
577 3153 645 3226 per
657 3153 772 3226 quem
785 3153 941 3226 magnus
954 3131 1093 3204 Danais
1107 3127 1280 3202 successit
1293 3119 1484 3200 Achillea?

479 3311 489 3342 ¹
510 3307 622 3365 Achille
640 3305 795 3384 s’exprime
812 3307 987 3386 ipen-pres
1001 3309 1039 3368 de
1053 3311 1147 3368 meme
1163 3309 1238 3368 dans
1251 3304 1422 3384 l'Iphigenie
1434 3299 1472 3360 de

438 3405 547 3464 Recine
560 3427 568 3463 ε

563 3532 590 3578 le
599 3529 671 3594 perde
683 3539 738 3592 trop
750 3529 779 3577 ‹le
789 3545 895 3580 monens
906 3549 935 3581 eu
946 3533 988 3582 der
999 3535 1105 3584 diseoun
1115 3535 1228 3588 involet:

563 3609 583 3655 ll
593 3610 644 3656 faut
655 3609 696 3658 des
706 3614 814 3670 actions,
826 3623 850 3660 et
861 3628 910 3660 non
920 3629 964 3676 pu
975 3614 1016 3661 des
1027 3617 1131 3678 lurolss.

478 3727 492 3756 ⁸
507 3723 751 3798 Artilia'osissima
764 3731 863 3803 Ulyssr'
868 3730 1030 3787 attribuitur
1038 3734 1141 3802 oratio,
1149 3745 1323 3810 otpersonoe
1332 3727 1467 3786 decorum

433 3837 565 3896 servetur.
588 3827 687 3898 Quare
699 3841 727 3884 et
743 3829 867 3905 affectus
880 3832 977 3886 statim
994 3833 1025 3887 in
1037 3835 1158 3890 exordio
1174 3847 1266 3890 ’πονοι
1272 3874 1283 3902 ,
1297 3843 1327 3888 et
1337 3851 1393 3887 sua
1407 3831 1469 3885 stne

436 3921 499 3976 utta
509 3923 678 3998 arrogantia
691 3927 871 4002 amplificat,
886 3942 915 3985 et
928 3931 967 3986 ab
983 3933 1148 3991 adversan'o
1164 3935 1274 4008 objecta
1287 3931 1330 3989 iu'z
1344 3929 1466 4006 rffelll'ls

433 4033 465 4076 ut
474 4023 556 4077 cllum
568 4022 598 4077 in
612 4025 773 4080 marimum
786 4029 917 4086 adducat
928 4043 1130 4108 corumptum.
