3178 5360
410 680 413 690 ,
459 592 533 698 396
576 609 660 669 sss
691 583 1134 667 ubrsuorruosas
1160 605 1396 688 novior,

460 757 535 832 Nos
549 757 591 830 in
604 756 701 830 bella
713 779 800 828 suos
813 751 1041 828 fortissimus
1057 751 1162 826 ultor
1175 751 1347 830 habebit.

357 969 359 976 ,
460 885 568 962 Illius
583 885 761 985 auspiciis
775 886 930 961 obsessae
947 883 1091 960 moenia
1105 909 1236 982 pacem

460 1003 711 1114 Victa'petcnt
725 1014 885 1090 Mutinae
903 1044 911 1088 ε
927 1013 1119 1088 Pharsalia
1135 1016 1273 1090 sentiet
1285 1016 1423 1112 illum,

461 1147 728 1246 AEmatb'idque
741 1147 884 1222 iterum
896 1143 1094 1222 madefacti
1108 1147 1209 1222 caede
1221 1147 1415 1245 Philippi3

460 1277 509 1352 Et
521 1277 702 1377 Magnum
719 1277 856 1352 Siculis
868 1301 1012 1352 nomen
1023 1279 1265 1375 superabitur
1276 1277 1398 1354 undis
1416 1287 1425 1315 ¹
1439 1309 1453 1376 ;

462 1405 701 1504 Romanique
717 1405 827 1482 ducis
843 1407 988 1502 conjux
998 1405 1193 1504 AEgyptia,
1206 1406 1315 1480 taedae

461 1538 548 1613 Non
560 1513 658 1614 bene
670 1539 759 1637 lisa,
777 1539 884 1614 cadet
900 1569 909 1615 z
925 1539 1143 1638 frustraque
1156 1541 1230 1614 erit
1243 1541 1309 1616 illa
1321 1543 1470 1618 minata
1478 1603 1495 1642 ,-

463 1669 660 1744 Servitura
673 1695 743 1745 sno
756 1673 940 1771 Capitolia
953 1684 1083 1748 nostra
1097 1675 1263 1772 Canopo.

496 1798 617 1885 ¹Quid
632 1800 953 1893 tibiBarbariem,
972 1813 1099 1898 gentes
1112 1801 1159 1876 ab
1172 1813 1337 1900 utroque
1347 1802 1510 1897 jacentes

464 1929 635 2026 Oceano,
652 1931 881 2004 numerem?
896 1929 1177 2028 Quodcumque
1193 1929 1399 2004 habitabile
1412 1929 1520 2004 tellus

465 2057 650 2157 Sustinet,
667 2060 785 2154 hujus
799 2060 872 2136 erit
892 2089 900 2134 :
920 2073 1062 2159 pontus
1077 2087 1231 2158 quoque
1247 2061 1389 2136 serviet
1403 2062 1475 2136 illi

514 2188 607 2262 Pace
623 2187 709 2264 dats
725 2190 856 2288 terris,
875 2190 1049 2266 animum
1066 2190 1113 2266 ad
1130 2190 1257 2266 civilia
1274 2205 1399 2268 vertet

466 2322 560 2394 lura
576 2347 714 2415 suum,
736 2319 908 2418 legesque
924 2317 1019 2394 feret
1031 2320 1261 2414 justissimus
1276 2332 1429 2418 auctor3

381 2471 390 2496 ¹
466 2451 726 2548 Exemploque
740 2476 810 2524 suo
824 2475 947 2526 mores
963 2462 1090 2549 reget·
1106 2478 1114 2524 :
1130 2455 1249 2548 inque
1261 2449 1388 2526 futuri

466 2580 664 2680 Temporis
680 2595 849 2680 aetatem,
864 2595 1195 2682 venturorumque
1210 2597 1416 2682 nepotum,

466 2717 721 2816 Prospiciens‚
739 2717 884 2816 prolem
897 2717 1025 2792 sancta
1037 2717 1085 2792 de
1099 2719 1257 2816 conjuge
1272 2729 1402 2792 natam

467 2847 580 2960 Ferre
592 2850 708 2926 simul
723 2875 940 2948 nomenque
951 2876 1086 2948 suum,
1103 2847 1289 2946 curasque
1301 2849 1472 2944 jubebit:

404 2962 406 2970 ¹
467 2979 562 3077 Neo,
583 2983 659 3058 nisi
675 2985 764 3067 ciam
778 2975 905 3058 senior
917 2983 1058 3058 similes
1071 2984 1281 3082 aequaverit
1292 3007 1433 3081 annm,

423 3119 426 3132 '
467 3109 655 3190 AEtherias
668 3111 773 3187 sedes
786 3123 1014 3211 cognataque
1027 3110 1151 3186 sidera
1165 3123 1303 3209 tanget.
1416 3107 1419 3112 ’

512 3326 520 3354 ¹
547 3327 653 3384 Sextus
662 3327 790 3404 Pompte
803 3328 897 3387 s’ttait
908 3319 1022 3404 refugit
1033 3347 1070 3386 en
1081 3325 1166 3387 Sicile
1174 3345 1246 3384 avec
1258 3343 1317 3382 une
1327 3321 1412 3382 flotte
1421 3325 1507 3400 pais-

469 3435 572 3493 saute3
591 3442 624 3480 sa
640 3425 825 3484 deminution
844 3445 897 3486 sur
910 3427 939 3484 la
955 3447 1018 3484 aner
1034 3447 1071 3484 ne
1086 3427 1133 3484 t'ut
1149 3445 1201 3502 prs
1218 3426 1256 3483 de
1273 3425 1385 3502 longae
1402 3423 1506 3481 ductes

467 3522 599 3598 Agrippa
613 3537 765 3600 remporta
777 3545 829 3584 sur
842 3527 886 3584 lui
898 3545 956 3584 nne
967 3503 1084 3586 bataisse
1094 3526 1215 3596 nante,
1226 3523 1281 3603 qui
1292 3542 1330 3582 ue
1342 3522 1429 3584 laissa
1440 3525 1511 3602 plus

468 3621 506 3678 de
521 3623 594 3679 rival
608 3627 624 3680 t
637 3625 759 3684 Octave.
835 3670 838 3682 .

511 3727 523 3758 ⁸
540 3725 686 3800 Auguste,
697 3727 782 3801 apres
793 3726 879 3784 avoir
887 3725 978 3784 ferme
988 3727 1015 3783 le
1025 3727 1131 3803 temple
1139 3725 1176 3783 de
1185 3725 1214 3782 la
1224 3743 1343 3802 guerre,
1353 3741 1507 3800 gouverns

463 3839 539 3891 ,avec
553 3822 708 3899 beaucoup
722 3822 759 3882 de
772 3823 940 3899 prudenee,
952 3837 981 3883 et
994 3824 1027 3882 fit
1037 3823 1089 3882 des
1102 3825 1262 3902 rtglemens
1274 3822 1311 3880 de
1324 3823 1420 3897 police
1433 3823 1508 3878 tres-

470 3939 562 3998 sages.
576 3925 600 3978 ΙΙ
612 3925 723 4004 adopta
735 3925 857 3996 Tibine,
870 3925 915 3983 fils
927 3926 963 3983 de
977 3926 1058 3985 Livie
1072 3939 1101 3988 et
1118 3927 1154 4000 de
1167 3925 1307 3983 Tiberius
1317 3926 1418 3994 Nero,
1436 3935 1464 3982 et
1481 3925 1510 3980 le

472 4041 593 4082 namma
605 4044 659 4082 son
673 4044 840 4086 successeur
855 4027 872 4086 sl
885 4027 1027 4106 l'empire.
