3248 5338
429 585 480 661 46
547 597 633 653 urs
662 563 1105 648 uireuournosus
1133 585 1366 671 o’ovror,

648 803 749 881 XII.
776 803 927 876 Bellica
944 803 1114 876 Nestoris
1123 799 1252 904 focio.
1373 805 1379 814 ’

476 1045 609 1121 Aure
621 1035 749 1113 oculos
763 1043 835 1107 stat
848 1041 886 1105 et
899 995 964 1104 ille
976 1055 1100 1128 meos,
1116 1035 1185 1130 qui
1199 1059 1287 1108 sena
1300 1034 1459 1112 leonum

427 1178 613 1254 Vinxerat
627 1171 730 1244 inter
745 1195 785 1242 se
799 1155 982 1240 connexis
997 1165 1139 1240 vellera
1153 1165 1285 1265 nodis,

426 1312 683 1402 Phaeocomes,
697 1301 972 1398 hominemque
985 1280 1104 1374 simul¹
1110 1313 1299 1398 protectus
1314 1309 1550 1402 equumque.

426 1443 562 1518 Codice
574 1437 643 1536 qui
657 1433 790 1529 misso,
808 1455 923 1528 quem
935 1429 1007 1504 vix
1021 1432 1107 1527 iuga
1118 1432 1210 1506 bini
1222 1447 1424 1509 moverent

425 1571 583 1662 iuncta,
602 1557 890 1637 Phonoleniden
904 1583 925 1630 a
939 1569 1091 1632 summo
1106 1561 1249 1634 vertice
1257 1559 1383 1659 fregit.

424 1701 554 1774 Fracta
565 1689 782 1768 volubilitas
795 1687 926 1786 capitio
937 1687 1118 1762 latissima
1135 1715 1144 1762 t
1159 1715 1374 1790 perquem,

424 1825 573 1921 Perque
586 1845 693 1893 cavas
706 1841 835 1910 nares,
851 1815 1073 1912 oculosque,
1088 1841 1292 1918 auresque,
1308 1819 1509 1897 cerebrmn

423 1953 538 2030 Molle
553 1947 642 2022 fluit
659 1973 667 2019 :
682 1943 804 2018 veluti
818 1954 1038 2016 concretum
1055 1943 1199 2018 vimine
1214 1969 1362 2044 querno

423 2085 497 2160 Lao
509 2081 623 2175 solet3
638 2089 731 2150 utve
743 2074 871 2172 liquor
883 2074 961 2148 rari
978 2075 1049 2148 sub
1063 2073 1230 2172 pondere
1243 2075 1361 2151 cribri

424 2213 569 2307 Manae
589 2219 626 2280 et
639 2201 871 2304 exprimitur
882 2225 951 2301 per
963 2201 1078 2276 densa
1090 2202 1276 2278 foramina
1288 2183 1441 2303 spissus.

423 2339 492 2416 Ast
507 2363 591 2437 ego,
608 2335 704 2410 dum
718 2343 827 2432 parat
842 2331 949 2406 hunc
960 2331 1075 2408 armis
1089 2333 1236 2409 nudare
1250 2337 1455 2437 jacentem,

423 2469 501 2543 seit
513 2479 605 2542 tuus
618 2463 691 2538 hoo
707 2459 873 2560 genitor,
889 2457 1055 2557 gladium
1070 2460 1264 2558 spoliantis
1276 2462 1319 2536 in
1332 2462 1410 2538 ima

421 2603 491 2678 Ilia
503 2597 649 2675 demisi.
669 2593 884 2669 Chthonius
895 2617 1048 2690 quoque
1061 2592 1315 2692 Teleboasque

421 2735 520 2808 Ense
535 2735 658 2828 jacent
673 2739 816 2804 nostro.
836 2723 1000 2800 Remum
1013 2727 1120 2824 prior
1134 2727 1197 2801 ille
1211 2727 1407 2803 bifurcum

421 2857 609 2952 Gesserat,
623 2855 688 2929 hic
703 2853 872 2949 jaculum
888 2881 898 2926 τ
912 2853 1035 2949 jaculo
1049 2855 1147 2929 mihi
1161 2855 1321 2932 vulnera
1337 2857 1437 2936 fecit.

421 2989 534 3086 Signa
546 2986 653 3058 vides
670 3013 678 3056 ε
694 2993 847 3081 apparet
859 2979 984 3090 adbuc
997 2997 1126 3084 vetus,
1142 3013 1242 3084 ecce,
1257 2987 1427 3063 cicatrix

420 3121 531 3194 Tunc
543 3143 608 3217 ego
620 3117 824 3191 debueram
837 3117 1018 3214 capienda
1031 3117 1077 3192 ad
1093 3119 1269 3219 Pergama
1285 3122 1386 3196 mitti
1394 3153 1406 3219 ;

417 3249 530 3324 Tunc
546 3261 714 3346 poteram
726 3247 873 3345 magni,
890 3249 922 3321 ei
939 3273 1018 3322 non
1032 3273 1208 3348 superare
1214 3309 1225 3349 ,
1241 3252 1383 3326 morari

418 3379 590 3457 Hectoris
603 3403 707 3452 arma
721 3377 815 3450 meis
833 3405 841 3451 :
858 3379 924 3452 illo
937 3379 1001 3452 sed
1014 3391 1185 3478 tempore
1200 3379 1351 3478 nullus,
1459 3417 1466 3429 ·

418 3516 498 3589 Aut
509 3539 622 3612 puer,
638 3512 776 3585 Hector
789 3525 868 3586 erat
877 3541 888 3609 ;
904 3531 1012 3586 nuuc¹
1022 3537 1084 3588 me
1097 3485 1180 3588 mea
1192 3513 1319 3588 deficit
1330 3525 1430 3592 aetee.

419 3643 522 3733 Quid
536 3643 608 3718 tibi
621 3643 805 3718 victorem
819 3643 1204 3742 gemini-Periphanta
1215 3643 1363 3742 Pyreti‚

417 3777 586 3872 Ampyca
598 3771 691 3872 quid
705 3771 890 3847 referam?
903 3773 972 3870 qui
987 3771 1309 3878 quadrupedantis
1322 3773 1429 3847 oecli
1480 3861 1483 3867 Ι

415 3907 518 3980 Fixit
533 3906 576 3978 in
592 3905 749 3978 adverso
765 3931 927 3978 coruum
943 3904 1024 3977 sine
1041 3902 1195 4002 cuspide
1209 3902 1336 3978 vultu.

415 4035 528 4108 Vecte
543 4032 829 4106 Pelethronium
844 4033 1035 4106 Macareus
1050 4033 1092 4106 iu
1105 4044 1237 4130 pectus
1250 4029 1380 4104 adacto
