3248 5338
438 601 488 678 sc
553 605 639 674 nus
669 589 1111 672 ubrauonruosus
1142 615 1376 696 n’ovrns,

439 750 646 836 Submovet
658 762 859 856 instantes3
875 773 1096 861 raptamque
1109 762 1325 840 furentibus
1339 765 1482 843 aufert.

383 957 390 964 .
438 893 506 968 Ille
523 893 622 968 nibil
639 903 770 968 eontra
779 921 792 989 3
809 891 1048 988 nequeenim
1063 891 1264 968 defendere
1280 897 1408 970 verbis

312 1062 315 1072 ·
372 1073 380 1082 -
438 1025 544 1100 Talia
555 1024 649 1100 facta
665 1034 786 1122 potest
802 1051 810 1096 ε
826 1019 889 1096 sed
904 1019 1068 1096 vindicis
1081 1047 1148 1096 ora
1163 1021 1351 1120 protervis
1367 1029 1377 1062 ¹

438 1158 658 1258 Insequitur
674 1155 871 1250 manibus,
887 1179 1138 1252 generosaque
1150 1167 1300 1252 pectora
1315 1155 1453 1252 pulsat.

623 1435 740 1511 VIII.
767 1438 945 1534 Insignis
963 1435 1099 1510 I'Itesei
1101 1431 1298 1535 facinora.

483 1709 628 1786 Fonrn
642 1709 716 1787 fuit
728 1713 857 1806 juxta,
872 1709 987 1808 signis
1004 1709 1238 1784 exstantibus
1254 1735 1382 1809 asper,

437 1843 632 1940 Antiquos
647 1855 786 1940 crater,
801 1814 916 1940 quem
932 1853 1084 1914 vastum
1098 1843 1239 1914 vastior
1250 1841 1356 1940 ipse·

436 1975 599 2049 Sustulit
614 1974 763 2075 AEgides
775 2006 785 2072 3
799 1974 1033 2072 'adversaque
1045 1973 1150 2048 misit
1162 1973 1205 2047 in
1220 1999 1297 2048 ora.

435 2105 636 2204 Sanguinis
646 2106 709 2180 ille
718 2106 845 2204 globos
855 2105 1009 2204 pariter,
1019 2106 1306 2204 cerebrumque,
1314 2133 1556 2206 merumque,

434 2235 603 2310 Vulnere
617 2247 654 2308 et
666 2261 731 2308 ore
744 2261 920 2332 vomens,
935 2233 1088 2310 madida
1100 2237 1303 2336 resupinus
1317 2239 1432 2312 areni

434 2365 621 2439 Coloitrat.
637 2361 850 2438 Ardescunt
862 2363 1038 2463 germana
1051 2362 1151 2438 eaede
1163 2363 1390 2441 bimembres
1404 2363 1439 2464 ⁸3

433 2495 687 2594 Certatimque
694 2522 826 2572 omnes
836 2522 915 2570 uno
926 2521 991 2569 ore
999 2554 1010 2592 ‚
1022 2493 1157 2590 Arma,
1168 2521 1291 2594 arma,
1303 2495 1532 2595 loquuntur.

432 2623 531 2696 Vina
543 2622 682 2699 dabant
694 2625 840 2710 annuos
857 2651 865 2698 :
882 2635 919 2700 et
933 2623 1057 2723 primi
1070 2623 1226 2722 procula
1237 2624 1364 2722 pugni

431 2751 544 2825 Missa
557 2755 686 2828 volant
698 2753 920 2852 fragilesque
934 2753 1016 2828 cadi
1024 2812 1035 2851 ,
1050 2753 1236 2852 curvique
1248 2753 1405 2851 lebetcs3

432 2881 505 2955 Res
519 2883 639 2980 epulis
653 2867 865 2982 quondam,
881 2903 987 2956 nunc
998 2879 1099 2957 bello
1111 2893 1149 2956 ct
1163 2881 1348 2978 caedibus,
1362 2891 1473 2990 aptoe.
1607 2905 1608 2908 ’

447 3101 453 3116 q
481 3015 634 3089 Primus
651 3013 887 3114 Ophionides
904 3015 1070 3113 Amycus
1088 3013 1292 3112 penetralia
1306 3011 1419 3086 donis

432 3145 546 3219 Haud
565 3145 696 3220 timuit
713 3146 870 3246 spoliare
884 3149 962 3222 suls
971 3179 982 3245 3
999 3159 1036 3221 et
1048 3147 1196 3246 primus
1208 3141 1255 3220 ab
1273 3145 1352 3221 nde

322 3355 332 3388 s
429 3277 682 3377 Lampadibns
697 3279 858 3386 densum
876 3282 1004 3380 rapuit
1019 3279 1148 3355 funale
1164 3279 1328 3394 coruscis
1340 3277 1376 3376 ⁴3

478 3513 488 3544 ¹
515 3511 642 3580 madico
649 3553 660 3582 ,
675 3512 835 3572 laconiam
847 3513 891 3570 du
903 3513 979 3590 style
988 3513 1139 3592 poetique.
1153 3513 1202 3570 0o
1212 3511 1302 3572 dis-ait
1313 3527 1350 3570 en
1362 3529 1472 3587 1)ῗοἐξ

435 3603 539 3663 Thesei
549 3609 756 3684 Heppodamen
767 3612 807 3668 ab
817 3611 927 3686 injurio
936 3613 1125 3670 vindicante}-

477 3721 490 3752 ⁸
513 3721 616 3790 Quelle
627 3722 723 3780 forcel
738 3725 835 3802 quelle
845 3723 992 3784 hardiesse
1004 3737 1033 3792 et
1044 3725 1242 3818 d'expression
1255 3735 1284 3784 et
1294 3723 1332 3782 de
1341 3723 1467 3800 perstet

475 3827 488 3862 ³
510 3835 706 3908 Bimembrcs‚
726 3839 783 3896 rive
800 3837 937 3896 Centauri
953 3841 1005 3918 qui
1017 3854 1047 3898 et
1061 3841 1186 3898 unsina
1201 3853 1231 3896 et
1245 3839 1314 3917 equi
1324 3837 1475 3894 bahem?

432 3935 573 3992 membra.

474 4044 488 4092 ⁴
512 4047 626 4106 Fuoale
633 4089 644 4119 ‚
658 4047 832 4113 candelabre
844 4071 886 4112 ou
896 4049 1043 4113 flambeao
1055 4053 1073 4112 I
1086 4053 1236 4130 plusieurs
1246 4049 1402 4112 branchos.
