3216 5344
686 525 695 563 l

469 619 518 694 9²
586 606 670 662 uus
700 576 1135 661 uiasuouenosus
1167 605 1398 689 o’ovsus,

473 753 598 841 Quam
604 753 1595 860 mihi,maj0rhonoseonjunouqueglomnostraest,

442 939 447 946 ·
470 885 596 984 Atque
612 885 710 982 Ajax
725 885 862 982 armis,
877 875 957 958 no'n
971 883 1075 979 Ajaci
1087 911 1193 962 arma
1207 901 1412 987 petuntur..

519 1012 695 1088 Conferat
705 1011 768 1088 his
776 1013 928 1088 Ithacus
941 1011 1132 1112 Rhesum,
1144 1017 1412 1120 imbellemque
1423 1025 1592 1124 Dolona,

469 1145 762 1244 Priamidenque
775 1146 965 1220 Helenum
982 1151 990 1182 ¹
1006 1146 1112 1244 raptt
1124 1149 1374 1228 oumPallade
1388 1171 1558 1256 captum.

469 1276 572 1350 Luce
587 1275 686 1352 nihil
699 1289 863 1376 gestum,
879 1275 981 1352 nihil
993 1287 1067 1372 est,
1082 1277 1266 1354 Diomede
1279 1296 1438 1360 remoto.

469 1408 510 1482 Si
524 1411 638 1484 semel
652 1409 724 1484 ista
735 1409 831 1484 datis
843 1407 989 1484 meritis
1002 1421 1080 1488 tam
1094 1411 1237 1486 vilibus
1250 1439 1374 1513 arma,

469 1539 640 1612 Dividite
659 1567 666 1612 :
683 1552 720 1613 et
736 1541 855 1634 major
869 1563 956 1634 pars
972 1537 1021 1612 sit
1036 1539 1232 1616 Diomedis
1246 1543 1290 1616 in
1303 1543 1390 1619 illis.

517 1667 604 1755 Qut>
610 1680 737 1742 tamen
748 1665 829 1740 haeo
836 1664 987 1741 Ithaco?
994 1668 1063 1764 qui
1072 1667 1185 1766 clam,
1194 1669 1263 1767 qui
1271 1696 1419 1769 semper
1432 1673 1594 1750 inermis

469 1799 563 1875 Rem
576 1799 689 1899 gerit,
704 1813 742 1874 et
754 1799 868 1873 su1tis
885 1799 1083 1876 incautum
1096 1799 1237 1899 decipit
1251 1802 1413 1882 hostem.

428 1909 430 1915 ,
460 1935 553 2032 'lpse
569 1935 673 2008 nitor
686 1934 815 2032 galeae',
831 1931 930 2006 claro
944 1929 1124 2007 radiantis
1138 1935 1184 2008 ab
1198 1961 1310 2028 auro,

468 2061 628 2136 Insidias
644 2061 797 2160 prodet,
816 2059 1145 2159 manifestabitque
1158 2033 1348 2139 litentem.

468 2191 540 2274 Sed
554 2219 679 2290 neque
691 2191 894 2266 Dulichius
911 2193 982 2269 sub
995 2191 1154 2266 Achillis
1168 2192 1308 2266 casside
1323 2207 1461 2270 vertex

468 2322 640 2396 Pondere
652 2333 757 2396 tanta
770 2321 864 2396 feret
881 2349 889 2396 ε
908 2347 978 2396 nec
993 2348 1073 2397 non
1088 2347 1244 2398 onerosa
1259 2326 1459 2424 gravisque

468 2451 588 2526 Pelias
605 2435 682 2526 esse
698 2465 820 2552 potest
835 2453 1052 2528 imbellibus
1068 2453 1174 2528 hasta
1185 2455 1345 2530 lacertis.

467 2587 544 2662 Neo
560 2587 737 2686 clypeus,
753 2587 850 2663 vesti
864 2589 1014 2662 caelatus
1028 2588 1188 2686 imagine
1204 2589 1366 2685 mundi,

467 2721 679 2796 Conveniet
688 2721 853 2818 timidae,
872 2733 1045 2818 natasque
1060 2719 1107 2794 ad
1120 2719 1224 2794 furta
1240 2718 1414 2794 sinistre

389 2871 393 2877 ·
515 2849 814 2926 Debilitaturum
828 2850 922 2948 quid
936 2863 973 2924 te
987 2849 1103 2947 petis,
1123 2849 1315 2948 improbe,
1331 2853 1502 2926 munus?

468 2979 581 3066 Quod
596 2982 667 3054 tibi
685 2983 717 3054 si
733 2981 867 3080 populi
883 2979 1083 3054 donaverit
1098 3003 1204 3056 emar
1221 2976 1361 3053 Achivi
1374 2986 1408 3073 ¹;

468 3108 548 3182 Cur
564 3109 752 3207 spolieris,
770 3111 861 3208 erit3
877 3137 978 3208 non,
996 3135 1067 3186 our
1082 3109 1263 3185 metuaris
1279 3109 1325 3184 ab
1338 3091 1460 3185 hoste.

467 3242 516 3316 Et
528 3239 631 3340 fuga,
647 3242 723 3341 qud
736 3243 814 3317 soli
830 3255 1003 3338 cunctos,
1019 3240 1278 3338 timidissime,
1293 3241 1439 3336 vineis,

467 3369 591 3446 Tarda
605 3369 736 3444 futura
751 3371 823 3444 tibi
836 3383 909 3467 est,
928 3369 1131 3468 gestamina
1143 3377 1248 3442 tanta
1260 3366 1439 3442 trahenti.

468 3499 593 3597 Adde,
612 3499 716 3598 quod
731 3499 801 3574 iste
813 3513 920 3599 tuus,
935 3513 1013 3578 tam
1026 3501 1111 3575 rare
1127 3499 1257 3598 prelia
1271 3525 1421 3597 pmsus,

515 3741 526 3770 ¹
545 3735 650 3811 Ulyese
661 3744 691 3793 et
699 3733 842 3794 Diomede
851 3732 1021 3792 eslevereut
1029 3731 1169 3802 Helenus,
1177 3729 1222 3788 fils
1231 3730 1383 3800 del'riam,
1390 3747 1507 3808 augure

470 3833 602 3902 celebre,
615 3835 668 3912 qui
678 3829 775 3892 revela
787 3853 846 3892 aux
859 3835 948 3892 Grees
959 3833 1000 3891 les
1011 3832 1136 3892 fatalitds
1148 3831 1190 3889 du
1202 3830 1298 3888 destin
1310 3829 1347 3888 de
1358 3831 1458 3888 Troie.

512 3939 525 3968 ¹
548 3935 611 3990 Hoc
629 3935 729 3991 contria
748 3937 819 3992 artis
832 3935 1045 4010 preceptuab
1059 3935 1152 4005 Ajace
1169 3933 1294 3990 dicitur.-
1312 3949 1406 4008 neque
1431 3931 1508 3988 enim

469 4051 551 4090 error
553 4033 701 4102 judicibus
703 4033 770 4106 suit
779 4035 966 4107 obiciendus.
