3178 5360
424 635 495 712 548
539 653 623 709 nns
653 624 1094 710 ndrtnoarnosns
1118 649 1347 730 nonme,

424 791 566 894 Nempe
582 796 651 870 ubi
662 809 763 870 terra
779 795 881 870 cibos
894 793 1146 891 alimentaque
1159 795 1316 900 pinguia
1326 793 1498 876 flamma

423 925 510 1000 Non
522 923 644 1021 dabit,
661 925 842 999 absumtis
859 921 1096 1026 perlongum
1109 923 1259 998 viribus
1272 951 1421 1023 sevum,

422 1052 650 1150 Naturaeque
663 1077 777 1126 suum
788 1049 984 1126 nutrimen
996 1051 1118 1126 deerit
1133 1051 1236 1128 edaci
1248 1085 1258 1148 3

423 1185 509 1262 Non
523 1184 618 1262 feret
632 1184 697 1258 illa
708 1181 866 1304 famem,
881 1177 1099 1282 desertaque
1111 1183 1256 1259 deseret
1268 1183 1383 1284 ignes.

425 1445 520 1524 Vll.
547 1451 736 1526 lustinus
753 1476 779 1522 a
796 1452 936 1562 nowrct
956 1451 1230 1538 animantium,
1253 1453 1469 1540 volucram,

630 1587 924 1677 insectorumque
938 1581 1262 1676 metanwrphoses.

475 1839 585 1914 Essn
601 1841 704 1915 viros
718 1839 817 1915 lema
833 1853 888 1915 est
902 1841 946 1914 in
962 1839 1206 1940 Hyperborei
1217 1841 1391 1938 Pallene,

429 1973 507 2060 Qui
519 1974 661 2049 soleant
674 1974 822 2049 levibus
837 1973 957 2048 velari
974 1999 1130 2072 corpora
1141 1973 1309 2070 plumis,

428 2105 526 2178 cum
539 2101 791 2208 Tritonipcarn
805 2099 937 2178 novies
951 2101 1100 2188 subiere
1113 2101 1300 2198 paludem.

426 2231 539 2306 Haud
559 2231 734 2330 equidem
747 2232 871 2307 credo.
888 2233 1030 2329 Sparsae
1044 2257 1197 2330 quoque
1209 2233 1378 2308 membra
1389 2257 1540 2311 veneno

428 2359 610 2436 Exercere
622 2373 719 2436 artes
733 2353 899 2460 scytides
916 2374 1178 2436 memorantur
1194 2363 1352 2438 eusdem.

478 2489 518 2561 Si
535 2514 609 2585 qua
625 2487 716 2562 fides
733 2491 846 2564 rebus
861 2501 987 2563 tamen
1001 2501 1055 2564 est
1066 2489 1238 2566 addenda
1252 2493 1436 2591 probetis:

429 2613 565 2690 Nonne
578 2616 702 2716 vides,
718 2645 969 2718 quaecumque
980 2620 1086 2694 mord
1097 2621 1267 2698 fluidove
1282 2624 1403 2700 calore

429 2747 595 2845 Corpora
607 2751 816 2848 tabuerint,
832 2751 874 2826 in
888 2775 1004 2849 parva
1019 2751 1196 2827 animalia
1208 2752 1331 2827 verti?

427 2875 446 2948 l
462 2903 633 2977 quoque,
650 2877 808 2954 delectos
825 2891 1000 2954 mactatos
1017 2880 1136 2954 obrue
1149 2891 1295 2976 tauros5

430 3008 584 3105 Cognita
597 3035 656 3084 res
669 3039 762 3110 usu,
774 3007 824 3086 'de
836 3011 941 3111 putri
957 3013 1100 3086 viscere
1110 3011 1251 3109 passim

431 3141 621 3240 Florilegae
634 3155 842 3220 nascuntur
854 3171 939 3243 apes
956 3173 964 3219 :
980 3171 1065 3244 quse
1078 3169 1184 3218 more
1197 3141 1396 3242 parentdm

431 3267 536 3342 Ru'ra
548 3268 697 3367 colunt,
711 3271 1024 3370 operiquefavent
1032 3301 1043 3368 3
1058 3271 1100 3344 in
1117 3297 1297 3369 spemque
1309 3270 1492 3346 laborant.

429 3399 582 3476 Pressus
595 3400 717 3478 humo
727 3405 882 3480 bellator
894 3431 1014 3502 equus
1031 3402 1223 3478 crabronis
1239 3399 1342 3500 origo
1358 3409 1424 3476 est.

431 3535 602 3610 Concava
617 3535 750 3612 litoreo
766 3537 798 3612 si
811 3538 938 3613 demas
954 3535 1108 3627 brachia
1120 3558 1273 3631 cancro,

433 3667 573 3741 Caetera
586 3694 773 3766 supponas
785 3681 914 3763 terrse;
928 3665 976 3742 de
989 3676 1094 3764 parte
1109 3661 1253 3762 sepultsl

432 3795 609 3896 Scorpius
623 3799 763 3895 exibit,
781 3795 974 3894 cauddque
989 3793 1199 3868 minabitur
1215 3786 1327 3863 unet.

433 3923 603 4022 Quaeque
616 3927 736 4003 solent
752 3927 852 4002 canis
866 3923 1018 4001 [rondes
1031 3925 1201 3997 intexere
1211 3918 1288 3993 filis

432 4052 601 4152 agrestes
613 4056 744 4157 tineae,
759 4085 817 4134 res
833 4059 1027 4133 observate
1039 4051 1203 4150 colonis,
