<?xml version="1.0" encoding="UTF-8"?>
<!DOCTYPE html PUBLIC "-//W3C//DTD XHTML 1.0 Transitional//EN"
    "http://www.w3.org/TR/xhtml1/DTD/xhtml1-transitional.dtd">
<html xmlns="http://www.w3.org/1999/xhtml" xml:lang="en" lang="en">
 <head>
  <title>
</title>
<meta http-equiv="Content-Type" content="text/html;charset=utf-8" />
  <meta name='ocr-system' content='tesseract 3.04.00' />
  <meta name='ocr-capabilities' content='ocr_page ocr_carea ocr_par ocr_line ocrx_word'/>
</head>
<body>
  <div class='ocr_page' id='page_1' title='image "./lesmtamorphoses03saingoog_0320.png"; bbox 0 0 3170 5366; ppageno 0'>
   <div class='ocr_carea' id='block_1_1' title="bbox 408 499 1338 614">
    <p class='ocr_par' dir='ltr' id='par_1_1' title="bbox 408 499 1338 614">
     <span class='ocr_line' id='line_1_1' title="bbox 408 499 1338 614; baseline -0.022 -20"><span class='ocrx_word' id='word_1_1' title='bbox 408 515 482 614; x_wconf 76' lang='lat'><strong>276</strong></span> <span class='ocrx_word' id='word_1_2' title='bbox 530 529 616 588; x_wconf 82' lang='lat' dir='ltr'><strong>nes</strong></span> <span class='ocrx_word' id='word_1_3' title='bbox 644 499 1082 586; x_wconf 73' lang='lat' dir='ltr'><strong>utrsnonrssosns</strong></span> <span class='ocrx_word' id='word_1_4' title='bbox 1110 517 1338 596; x_wconf 72' lang='lat' dir='ltr'><strong>n’ovrnn,</strong></span> 
     </span>
    </p>
   </div>
   <div class='ocr_carea' id='block_1_2' title="bbox 404 665 1498 1948">
    <p class='ocr_par' dir='ltr' id='par_1_2' title="bbox 405 665 1379 1293">
     <span class='ocr_line' id='line_1_2' title="bbox 455 665 1379 770; baseline -0.014 -16"><span class='ocrx_word' id='word_1_5' title='bbox 455 675 612 754; x_wconf 70' lang='lat' dir='ltr'><strong>Viderat</strong></span> <span class='ocrx_word' id='word_1_6' title='bbox 624 701 647 748; x_wconf 81' lang='lat' dir='ltr'><strong>a</strong></span> <span class='ocrx_word' id='word_1_7' title='bbox 657 671 797 748; x_wconf 80' lang='lat' dir='ltr'><strong>veteris</strong></span> <span class='ocrx_word' id='word_1_8' title='bbox 812 670 1227 770; x_wconf 77' lang='lat' dir='ltr'><strong>generosumsanguine</strong></span> <span class='ocrx_word' id='word_1_9' title='bbox 1237 665 1379 744; x_wconf 83' lang='lat' dir='ltr'>Teucri</span> 
     </span>
     <span class='ocr_line' id='line_1_3' title="bbox 405 801 1314 907; baseline -0.01 -24"><span class='ocrx_word' id='word_1_10' title='bbox 405 807 513 907; x_wconf 87' lang='lat' dir='ltr'><strong>Iphis</strong></span> <span class='ocrx_word' id='word_1_11' title='bbox 526 807 784 902; x_wconf 79' lang='lat' dir='ltr'><strong>Anaxareten,</strong></span> <span class='ocrx_word' id='word_1_12' title='bbox 802 801 944 878; x_wconf 88' lang='lat' dir='ltr'><strong>humili</strong></span> <span class='ocrx_word' id='word_1_13' title='bbox 960 801 1008 876; x_wconf 89' lang='lat' dir='ltr'><strong>de</strong></span> <span class='ocrx_word' id='word_1_14' title='bbox 1025 801 1143 900; x_wconf 87' lang='lat' dir='ltr'><strong>stirpe</strong></span> <span class='ocrx_word' id='word_1_15' title='bbox 1155 812 1314 876; x_wconf 76' lang='lat' dir='ltr'><strong>creatus.</strong></span> 
     </span>
     <span class='ocr_line' id='line_1_4' title="bbox 406 931 1298 1032; baseline -0.008 -18"><span class='ocrx_word' id='word_1_16' title='bbox 406 937 588 1014; x_wconf 81' lang='lat' dir='ltr'><strong>Viderat:</strong></span> <span class='ocrx_word' id='word_1_17' title='bbox 604 947 642 1010; x_wconf 89' lang='lat' dir='ltr'><strong>et</strong></span> <span class='ocrx_word' id='word_1_18' title='bbox 657 934 746 1008; x_wconf 85' lang='lat' dir='ltr'><strong>totis</strong></span> <span class='ocrx_word' id='word_1_19' title='bbox 762 944 979 1032; x_wconf 83' lang='lat' dir='ltr'>perceperat</span> <span class='ocrx_word' id='word_1_20' title='bbox 991 931 1138 1005; x_wconf 86' lang='lat' dir='ltr'><strong>ossibus</strong></span> <span class='ocrx_word' id='word_1_21' title='bbox 1150 941 1298 1007; x_wconf 65' lang='lat' dir='ltr'><strong>estune</strong></span> 
     </span>
     <span class='ocr_line' id='line_1_5' title="bbox 406 1061 1341 1164; baseline -0.011 -19"><span class='ocrx_word' id='word_1_22' title='bbox 406 1067 664 1164; x_wconf 67' lang='lat' dir='ltr'><strong>Luctatusque</strong></span> <span class='ocrx_word' id='word_1_23' title='bbox 676 1064 766 1163; x_wconf 91' lang='lat' dir='ltr'><strong>diu,</strong></span> <span class='ocrx_word' id='word_1_24' title='bbox 782 1076 868 1164; x_wconf 90' lang='lat' dir='ltr'><strong>post</strong></span> <span class='ocrx_word' id='word_1_25' title='bbox 879 1062 1158 1162; x_wconf 74' lang='lat' dir='ltr'><strong>qudmuetione</strong></span> <span class='ocrx_word' id='word_1_26' title='bbox 1170 1061 1341 1136; x_wconf 85' lang='lat' dir='ltr'><strong>furorem</strong></span> 
     </span>
     <span class='ocr_line' id='line_1_6' title="bbox 407 1191 1340 1293; baseline -0.011 -19"><span class='ocrx_word' id='word_1_27' title='bbox 407 1197 570 1274; x_wconf 81' lang='lat' dir='ltr'><strong>Vincere</strong></span> <span class='ocrx_word' id='word_1_28' title='bbox 582 1221 663 1271; x_wconf 90' lang='lat' dir='ltr'><strong>non</strong></span> <span class='ocrx_word' id='word_1_29' title='bbox 674 1195 822 1293; x_wconf 87' lang='lat' dir='ltr'><strong>potuit,</strong></span> <span class='ocrx_word' id='word_1_30' title='bbox 838 1193 1002 1292; x_wconf 82' lang='lat' dir='ltr'><strong>supplex</strong></span> <span class='ocrx_word' id='word_1_31' title='bbox 1013 1191 1060 1268; x_wconf 82' lang='lat' dir='ltr'><strong>sd</strong></span> <span class='ocrx_word' id='word_1_32' title='bbox 1073 1191 1209 1270; x_wconf 83' lang='lat' dir='ltr'><strong>limina</strong></span> <span class='ocrx_word' id='word_1_33' title='bbox 1220 1191 1340 1266; x_wconf 86' lang='lat' dir='ltr'><strong>venit.</strong></span> 
     </span>
    </p>

    <p class='ocr_par' dir='ltr' id='par_1_3' title="bbox 406 1325 1352 1420">
     <span class='ocr_line' id='line_1_7' title="bbox 406 1325 1352 1420; baseline -0.006 -16"><span class='ocrx_word' id='word_1_34' title='bbox 406 1327 456 1404; x_wconf 83' lang='lat' dir='ltr'><strong>Et</strong></span> <span class='ocrx_word' id='word_1_35' title='bbox 470 1327 586 1402; x_wconf 82' lang='lat' dir='ltr'><strong>modd</strong></span> <span class='ocrx_word' id='word_1_36' title='bbox 601 1327 745 1402; x_wconf 83' lang='lat' dir='ltr'><strong>nutrici</strong></span> <span class='ocrx_word' id='word_1_37' title='bbox 761 1327 948 1400; x_wconf 88' lang='lat' dir='ltr'><strong>miserum</strong></span> <span class='ocrx_word' id='word_1_38' title='bbox 959 1325 1151 1400; x_wconf 85' lang='lat' dir='ltr'><strong>confessus</strong></span> <span class='ocrx_word' id='word_1_39' title='bbox 1163 1348 1352 1420; x_wconf 84' lang='lat' dir='ltr'><strong>amorem,</strong></span> 
     </span>
    </p>

    <p class='ocr_par' dir='ltr' id='par_1_4' title="bbox 405 1453 1309 1554">
     <span class='ocr_line' id='line_1_8' title="bbox 405 1453 1309 1554; baseline -0.007 -18"><span class='ocrx_word' id='word_1_40' title='bbox 405 1458 464 1536; x_wconf 86' lang='lat' dir='ltr'><strong>Ne</strong></span> <span class='ocrx_word' id='word_1_41' title='bbox 476 1457 549 1532; x_wconf 85' lang='lat' dir='ltr'><strong>sibi</strong></span> <span class='ocrx_word' id='word_1_42' title='bbox 561 1456 659 1532; x_wconf 86' lang='lat' dir='ltr'><strong>dura</strong></span> <span class='ocrx_word' id='word_1_43' title='bbox 670 1453 787 1553; x_wconf 81' lang='lat' dir='ltr'><strong>foret,</strong></span> <span class='ocrx_word' id='word_1_44' title='bbox 802 1481 872 1553; x_wconf 87' lang='lat' dir='ltr'><strong>per</strong></span> <span class='ocrx_word' id='word_1_45' title='bbox 884 1481 968 1554; x_wconf 86' lang='lat' dir='ltr'><strong>spes</strong></span> <span class='ocrx_word' id='word_1_46' title='bbox 984 1457 1109 1532; x_wconf 71' lang='lat' dir='ltr'><strong>oravit</strong></span> <span class='ocrx_word' id='word_1_47' title='bbox 1118 1456 1309 1550; x_wconf 77' lang='lat' dir='ltr'><strong>-ulumnae3</strong></span> 
     </span>
    </p>

    <p class='ocr_par' dir='ltr' id='par_1_5' title="bbox 404 1581 1498 1813">
     <span class='ocr_line' id='line_1_9' title="bbox 404 1581 1498 1690; baseline -0.003 -28"><span class='ocrx_word' id='word_1_48' title='bbox 404 1585 455 1662; x_wconf 81' lang='lat' dir='ltr'><strong>Et</strong></span> <span class='ocrx_word' id='word_1_49' title='bbox 466 1583 581 1661; x_wconf 80' lang='lat' dir='ltr'><strong>modd</strong></span> <span class='ocrx_word' id='word_1_50' title='bbox 593 1581 641 1658; x_wconf 85' lang='lat' dir='ltr'><strong>de</strong></span> <span class='ocrx_word' id='word_1_51' title='bbox 653 1583 786 1660; x_wconf 89' lang='lat' dir='ltr'><strong>multis</strong></span> <span class='ocrx_word' id='word_1_52' title='bbox 802 1583 996 1658; x_wconf 80' lang='lat' dir='ltr'><strong>blanditus</strong></span> <span class='ocrx_word' id='word_1_53' title='bbox 1013 1585 1154 1682; x_wconf 85' lang='lat' dir='ltr'><strong>cuique</strong></span> <span class='ocrx_word' id='word_1_54' title='bbox 1164 1583 1374 1684; x_wconf 77' lang='lat' dir='ltr'><strong>ministris,</strong></span> <span class='ocrx_word' id='word_1_55' title='bbox 1493 1679 1498 1690; x_wconf 26' lang='grc'>1</span> 
     </span>
     <span class='ocr_line' id='line_1_10' title="bbox 408 1713 1271 1813; baseline 0.002 -23"><span class='ocrx_word' id='word_1_56' title='bbox 408 1713 576 1790; x_wconf 71' lang='lat' dir='ltr'><strong>sollicite</strong></span> <span class='ocrx_word' id='word_1_57' title='bbox 587 1714 699 1812; x_wconf 86' lang='lat' dir='ltr'><strong>petiit</strong></span> <span class='ocrx_word' id='word_1_58' title='bbox 710 1739 944 1813; x_wconf 85' lang='lat' dir='ltr'><strong>propensum</strong></span> <span class='ocrx_word' id='word_1_59' title='bbox 957 1741 1050 1790; x_wconf 67' lang='grc' dir='ltr'><strong>νοω</strong></span> <span class='ocrx_word' id='word_1_60' title='bbox 1061 1715 1231 1792; x_wconf 82' lang='lat' dir='ltr'><strong>favorem</strong></span> <span class='ocrx_word' id='word_1_61' title='bbox 1246 1724 1271 1792; x_wconf 89' lang='lat'><strong>¹.</strong></span> 
     </span>
    </p>

    <p class='ocr_par' dir='ltr' id='par_1_6' title="bbox 408 1839 1348 1948">
     <span class='ocr_line' id='line_1_11' title="bbox 408 1839 1348 1948; baseline 0 -23"><span class='ocrx_word' id='word_1_62' title='bbox 408 1849 516 1948; x_wconf 75' lang='lat' dir='ltr'><strong>Soepe</strong></span> <span class='ocrx_word' id='word_1_63' title='bbox 529 1848 683 1924; x_wconf 79' lang='lat' dir='ltr'><strong>ferenda</strong></span> <span class='ocrx_word' id='word_1_64' title='bbox 694 1849 800 1924; x_wconf 82' lang='lat' dir='ltr'><strong>dedit</strong></span> <span class='ocrx_word' id='word_1_65' title='bbox 810 1839 961 1926; x_wconf 79' lang='lat' dir='ltr'><strong>blandis</strong></span> <span class='ocrx_word' id='word_1_66' title='bbox 973 1877 1043 1927; x_wconf 85' lang='lat' dir='ltr'><strong>sus</strong></span> <span class='ocrx_word' id='word_1_67' title='bbox 1054 1852 1171 1928; x_wconf 79' lang='lat' dir='ltr'><strong>verbs</strong></span> <span class='ocrx_word' id='word_1_68' title='bbox 1183 1849 1348 1948; x_wconf 84' lang='lat' dir='ltr'><strong>tabellis;</strong></span> 
     </span>
    </p>
   </div>
   <div class='ocr_carea' id='block_1_3' title="bbox 405 1979 1517 2982">
    <p class='ocr_par' dir='ltr' id='par_1_7' title="bbox 405 1979 1517 2982">
     <span class='ocr_line' id='line_1_12' title="bbox 405 1979 1325 2082; baseline 0 -26"><span class='ocrx_word' id='word_1_69' title='bbox 405 1979 608 2058; x_wconf 81' lang='lat' dir='ltr'><strong>Interdum</strong></span> <span class='ocrx_word' id='word_1_70' title='bbox 622 1979 789 2057; x_wconf 78' lang='lat' dir='ltr'><strong>madidas</strong></span> <span class='ocrx_word' id='word_1_71' title='bbox 801 1982 1056 2082; x_wconf 83' lang='lat' dir='ltr'><strong>lacrymarum</strong></span> <span class='ocrx_word' id='word_1_72' title='bbox 1070 2008 1157 2058; x_wconf 91' lang='lat' dir='ltr'><strong>rore</strong></span> <span class='ocrx_word' id='word_1_73' title='bbox 1170 2005 1325 2058; x_wconf 79' lang='lat' dir='ltr'><strong>eoronus</strong></span> 
     </span>
     <span class='ocr_line' id='line_1_13' title="bbox 409 2105 1322 2208; baseline -0.002 -24"><span class='ocrx_word' id='word_1_74' title='bbox 409 2105 584 2184; x_wconf 77' lang='lat' dir='ltr'><strong>Postibus</strong></span> <span class='ocrx_word' id='word_1_75' title='bbox 598 2107 782 2206; x_wconf 87' lang='lat' dir='ltr'><strong>intendit,</strong></span> <span class='ocrx_word' id='word_1_76' title='bbox 799 2109 1003 2208; x_wconf 81' lang='lat' dir='ltr'><strong>posuitque</strong></span> <span class='ocrx_word' id='word_1_77' title='bbox 1016 2109 1061 2182; x_wconf 92' lang='lat' dir='ltr'><strong>in</strong></span> <span class='ocrx_word' id='word_1_78' title='bbox 1074 2108 1208 2184; x_wconf 89' lang='lat' dir='ltr'><strong>limine</strong></span> <span class='ocrx_word' id='word_1_79' title='bbox 1222 2107 1322 2182; x_wconf 89' lang='lat' dir='ltr'><strong>duro</strong></span> 
     </span>
     <span class='ocr_line' id='line_1_14' title="bbox 410 2220 1254 2337; baseline -0.002 -21"><span class='ocrx_word' id='word_1_80' title='bbox 410 2238 525 2316; x_wconf 83' lang='lat' dir='ltr'><strong>Molle</strong></span> <span class='ocrx_word' id='word_1_81' title='bbox 538 2239 636 2316; x_wconf 78' lang='lat' dir='ltr'><strong>latus</strong></span> <span class='ocrx_word' id='word_1_82' title='bbox 653 2269 661 2314; x_wconf 92' lang='lat'><strong>:</strong></span> <span class='ocrx_word' id='word_1_83' title='bbox 676 2240 851 2337; x_wconf 80' lang='lat' dir='ltr'><strong>tristique</strong></span> <span class='ocrx_word' id='word_1_84' title='bbox 863 2265 955 2316; x_wconf 84' lang='lat' dir='ltr'><strong>serae</strong></span> <span class='ocrx_word' id='word_1_85' title='bbox 963 2220 1140 2314; x_wconf 73' lang='lat' dir='ltr'><strong>eonvi&#39;cia</strong></span> <span class='ocrx_word' id='word_1_86' title='bbox 1152 2238 1254 2314; x_wconf 70' lang='lat' dir='ltr'><strong>feeit„</strong></span> 
     </span>
     <span class='ocr_line' id='line_1_15' title="bbox 459 2365 1434 2468; baseline -0.003 -24"><span class='ocrx_word' id='word_1_87' title='bbox 459 2368 620 2445; x_wconf 68' lang='lat' dir='ltr'><strong>Surdior</strong></span> <span class='ocrx_word' id='word_1_88' title='bbox 630 2370 695 2444; x_wconf 83' lang='lat' dir='ltr'><strong>illa</strong></span> <span class='ocrx_word' id='word_1_89' title='bbox 707 2368 804 2444; x_wconf 82' lang='lat' dir='ltr'><strong>freto</strong></span> <span class='ocrx_word' id='word_1_90' title='bbox 814 2381 1009 2468; x_wconf 85' lang='lat' dir='ltr'><strong>surgente,</strong></span> <span class='ocrx_word' id='word_1_91' title='bbox 1024 2368 1244 2444; x_wconf 81' lang='lat' dir='ltr'><strong>cudentibus</strong></span> <span class='ocrx_word' id='word_1_92' title='bbox 1256 2365 1384 2441; x_wconf 83' lang='lat' dir='ltr'><strong>Haedis</strong></span> <span class='ocrx_word' id='word_1_93' title='bbox 1397 2374 1434 2465; x_wconf 86' lang='lat'><strong>¹,</strong></span> 
     </span>
     <span class='ocr_line' id='line_1_16' title="bbox 411 2495 1382 2602; baseline -0.004 -28"><span class='ocrx_word' id='word_1_94' title='bbox 411 2497 557 2574; x_wconf 89' lang='lat' dir='ltr'><strong>Durior</strong></span> <span class='ocrx_word' id='word_1_95' title='bbox 570 2509 607 2573; x_wconf 85' lang='lat' dir='ltr'><strong>et</strong></span> <span class='ocrx_word' id='word_1_96' title='bbox 619 2497 737 2594; x_wconf 83' lang='lat' dir='ltr'><strong>ferno,</strong></span> <span class='ocrx_word' id='word_1_97' title='bbox 752 2497 856 2596; x_wconf 91' lang='lat' dir='ltr'><strong>quod</strong></span> <span class='ocrx_word' id='word_1_98' title='bbox 868 2497 1028 2573; x_wconf 90' lang='lat' dir='ltr'><strong>Noricus</strong></span> <span class='ocrx_word' id='word_1_99' title='bbox 1042 2495 1055 2536; x_wconf 86' lang='lat'>³</span> <span class='ocrx_word' id='word_1_100' title='bbox 1067 2497 1252 2602; x_wconf 60' lang='lat' dir='ltr'><strong>vexeoquit</strong></span> <span class='ocrx_word' id='word_1_101' title='bbox 1266 2495 1382 2596; x_wconf 83' lang='lat' dir='ltr'><strong>ignis,</strong></span> 
     </span>
     <span class='ocr_line' id='line_1_17' title="bbox 410 2621 1281 2724; baseline -0.002 -24"><span class='ocrx_word' id='word_1_102' title='bbox 410 2623 461 2700; x_wconf 87' lang='lat' dir='ltr'><strong>Et</strong></span> <span class='ocrx_word' id='word_1_103' title='bbox 473 2650 583 2724; x_wconf 79' lang='lat' dir='ltr'><strong>saxo,</strong></span> <span class='ocrx_word' id='word_1_104' title='bbox 598 2623 701 2722; x_wconf 83' lang='lat' dir='ltr'><strong>quod</strong></span> <span class='ocrx_word' id='word_1_105' title='bbox 714 2622 840 2700; x_wconf 85' lang='lat' dir='ltr'><strong>adhuc</strong></span> <span class='ocrx_word' id='word_1_106' title='bbox 852 2621 1081 2698; x_wconf 68' lang='lat' dir='ltr'><strong>viviradice</strong></span> <span class='ocrx_word' id='word_1_107' title='bbox 1093 2635 1262 2720; x_wconf 85' lang='lat' dir='ltr'><strong>tenetur,</strong></span> <span class='ocrx_word' id='word_1_108' title='bbox 1277 2632 1281 2638; x_wconf 88' lang='grc'><strong>’</strong></span> 
     </span>
     <span class='ocr_line' id='line_1_18' title="bbox 411 2750 1325 2854; baseline -0.005 -24"><span class='ocrx_word' id='word_1_109' title='bbox 411 2755 566 2854; x_wconf 86' lang='lat' dir='ltr'><strong>Spernit</strong></span> <span class='ocrx_word' id='word_1_110' title='bbox 577 2765 615 2829; x_wconf 84' lang='lat' dir='ltr'><strong>et</strong></span> <span class='ocrx_word' id='word_1_111' title='bbox 625 2754 760 2830; x_wconf 85' lang='lat' dir='ltr'><strong>inidet</strong></span> <span class='ocrx_word' id='word_1_112' title='bbox 779 2752 984 2852; x_wconf 77' lang='lat' dir='ltr'><strong>:factisque</strong></span> <span class='ocrx_word' id='word_1_113' title='bbox 995 2751 1208 2828; x_wconf 82' lang='lat' dir='ltr'><strong>immitibus</strong></span> <span class='ocrx_word' id='word_1_114' title='bbox 1219 2750 1325 2826; x_wconf 76' lang='lat' dir='ltr'><strong>addit</strong></span> 
     </span>
     <span class='ocr_line' id='line_1_19' title="bbox 409 2880 1517 2982; baseline -0.006 -19"><span class='ocrx_word' id='word_1_115' title='bbox 409 2881 537 2963; x_wconf 69' lang='lat' dir='ltr'><strong>Verba</strong></span> <span class='ocrx_word' id='word_1_116' title='bbox 551 2883 713 2982; x_wconf 66' lang='lat' dir='ltr'><strong>nsperbe</strong></span> <span class='ocrx_word' id='word_1_117' title='bbox 724 2881 853 2958; x_wconf 71' lang='lat' dir='ltr'><strong>ferox:</strong></span> <span class='ocrx_word' id='word_1_118' title='bbox 863 2893 901 2956; x_wconf 89' lang='lat' dir='ltr'><strong>et</strong></span> <span class='ocrx_word' id='word_1_119' title='bbox 912 2908 977 2981; x_wconf 81' lang='lat' dir='ltr'><strong>spe</strong></span> <span class='ocrx_word' id='word_1_120' title='bbox 989 2906 1142 2982; x_wconf 89' lang='lat' dir='ltr'><strong>quoque</strong></span> <span class='ocrx_word' id='word_1_121' title='bbox 1154 2880 1304 2956; x_wconf 66' lang='lat' dir='ltr'><strong>fraudat</strong></span> <span class='ocrx_word' id='word_1_122' title='bbox 1314 2893 1517 2956; x_wconf 78' lang='lat' dir='ltr'><strong>ementem.</strong></span> 
     </span>
    </p>
   </div>
   <div class='ocr_carea' id='block_1_4' title="bbox 409 3087 1455 3420">
    <p class='ocr_par' dir='ltr' id='par_1_8' title="bbox 409 3087 1455 3420">
     <span class='ocr_line' id='line_1_20' title="bbox 427 3087 1455 3204; baseline 0.002 -20"><span class='ocrx_word' id='word_1_123' title='bbox 427 3087 434 3104; x_wconf 44' lang='lat'><strong>·</strong></span> <span class='ocrx_word' id='word_1_124' title='bbox 457 3128 469 3159; x_wconf 86' lang='lat'><strong>¹</strong></span> <span class='ocrx_word' id='word_1_125' title='bbox 494 3127 541 3184; x_wconf 85' lang='lat' dir='ltr'><strong>Ea</strong></span> <span class='ocrx_word' id='word_1_126' title='bbox 561 3127 662 3185; x_wconf 81' lang='lat' dir='ltr'><strong>omnia</strong></span> <span class='ocrx_word' id='word_1_127' title='bbox 681 3127 819 3186; x_wconf 79' lang='lat' dir='ltr'><strong>describit</strong></span> <span class='ocrx_word' id='word_1_128' title='bbox 838 3127 958 3186; x_wconf 76' lang='lat' dir='ltr'><strong>Ovidius</strong></span> <span class='ocrx_word' id='word_1_129' title='bbox 979 3129 1083 3204; x_wconf 78' lang='lat' dir='ltr'><strong>quibus</strong></span> <span class='ocrx_word' id='word_1_130' title='bbox 1100 3140 1247 3186; x_wconf 80' lang='lat' dir='ltr'><strong>amatores</strong></span> <span class='ocrx_word' id='word_1_131' title='bbox 1266 3141 1399 3198; x_wconf 64' lang='lat' dir='ltr'><strong>amnes,</strong></span> <span class='ocrx_word' id='word_1_132' title='bbox 1421 3141 1455 3186; x_wconf 78' lang='lat' dir='ltr'><strong>ut</strong></span> 
     </span>
     <span class='ocr_line' id='line_1_21' title="bbox 409 3225 808 3302; baseline 0 -20"><span class='ocrx_word' id='word_1_133' title='bbox 409 3225 521 3302; x_wconf 81' lang='lat' dir='ltr'><strong>puellis</strong></span> <span class='ocrx_word' id='word_1_134' title='bbox 528 3227 679 3300; x_wconf 79' lang='lat' dir='ltr'><strong>potiantur</strong></span> <span class='ocrx_word' id='word_1_135' title='bbox 691 3225 808 3283; x_wconf 63' lang='lat' dir='ltr'><strong>amus.</strong></span> 
     </span>
     <span class='ocr_line' id='line_1_22' title="bbox 457 3339 1452 3420; baseline 0.002 -22"><span class='ocrx_word' id='word_1_136' title='bbox 457 3345 472 3376; x_wconf 78' lang='lat'>⁵</span> <span class='ocrx_word' id='word_1_137' title='bbox 494 3339 603 3412; x_wconf 82' lang='lat' dir='ltr'><strong>Quend</strong></span> <span class='ocrx_word' id='word_1_138' title='bbox 619 3341 661 3398; x_wconf 81' lang='lat' dir='ltr'><strong>les</strong></span> <span class='ocrx_word' id='word_1_139' title='bbox 676 3341 779 3399; x_wconf 74' lang='lat' dir='ltr'><strong>truilos</strong></span> <span class='ocrx_word' id='word_1_140' title='bbox 791 3339 843 3400; x_wconf 83' lang='lat' dir='ltr'><strong>des</strong></span> <span class='ocrx_word' id='word_1_141' title='bbox 858 3341 1052 3412; x_wconf 67' lang='grc' dir='ltr'><strong>ῦὶιοποιιιι,</strong></span> <span class='ocrx_word' id='word_1_142' title='bbox 1068 3341 1164 3420; x_wconf 77' lang='lat' dir='ltr'><strong>plures</strong></span> <span class='ocrx_word' id='word_1_143' title='bbox 1176 3341 1358 3402; x_wconf 77' lang='lat' dir='ltr'><strong>su-dessous</strong></span> <span class='ocrx_word' id='word_1_144' title='bbox 1371 3341 1409 3398; x_wconf 84' lang='lat' dir='ltr'><strong>de</strong></span> <span class='ocrx_word' id='word_1_145' title='bbox 1422 3343 1452 3400; x_wconf 79' lang='lat' dir='ltr'><strong>le</strong></span> 
     </span>
    </p>
   </div>
   <div class='ocr_carea' id='block_1_5' title="bbox 394 3427 1450 3614">
    <p class='ocr_par' dir='ltr' id='par_1_9' title="bbox 394 3427 1450 3614">
     <span class='ocr_line' id='line_1_23' title="bbox 394 3427 1450 3518; baseline -0.003 -21"><span class='ocrx_word' id='word_1_146' title='bbox 394 3437 543 3508; x_wconf 71' lang='lat' dir='ltr'><strong>ssrevre,</strong></span> <span class='ocrx_word' id='word_1_147' title='bbox 556 3447 624 3518; x_wconf 70' lang='lat' dir='ltr'><strong>sont</strong></span> <span class='ocrx_word' id='word_1_148' title='bbox 636 3437 704 3512; x_wconf 73' lang='lat' dir='ltr'><strong>pres</strong></span> <span class='ocrx_word' id='word_1_149' title='bbox 715 3435 752 3494; x_wconf 84' lang='lat' dir='ltr'><strong>de</strong></span> <span class='ocrx_word' id='word_1_150' title='bbox 765 3437 832 3495; x_wconf 87' lang='lat' dir='ltr'><strong>leur</strong></span> <span class='ocrx_word' id='word_1_151' title='bbox 845 3439 973 3496; x_wconf 71' lang='lat' dir='ltr'><strong>couches</strong></span> <span class='ocrx_word' id='word_1_152' title='bbox 983 3437 1138 3516; x_wconf 70' lang='lat' dir='ltr'><strong>deliaque,</strong></span> <span class='ocrx_word' id='word_1_153' title='bbox 1151 3439 1180 3498; x_wconf 80' lang='lat' dir='ltr'><strong>la</strong></span> <span class='ocrx_word' id='word_1_154' title='bbox 1189 3457 1254 3496; x_wconf 82' lang='lat' dir='ltr'><strong>mer</strong></span> <span class='ocrx_word' id='word_1_155' title='bbox 1265 3450 1311 3498; x_wconf 86' lang='lat' dir='ltr'><strong>est</strong></span> <span class='ocrx_word' id='word_1_156' title='bbox 1322 3427 1450 3498; x_wconf 71' lang='lat' dir='ltr'><strong>inurent</strong></span> 
     </span>
     <span class='ocr_line' id='line_1_24' title="bbox 413 3533 1055 3614; baseline -0.009 -16"><span class='ocrx_word' id='word_1_157' title='bbox 413 3533 508 3614; x_wconf 70' lang='lat' dir='ltr'><strong>tgitee</strong></span> <span class='ocrx_word' id='word_1_158' title='bbox 520 3552 576 3611; x_wconf 77' lang='lat' dir='ltr'><strong>par</strong></span> <span class='ocrx_word' id='word_1_159' title='bbox 588 3534 629 3592; x_wconf 84' lang='lat' dir='ltr'><strong>les</strong></span> <span class='ocrx_word' id='word_1_160' title='bbox 642 3545 727 3592; x_wconf 78' lang='lat' dir='ltr'><strong>vente</strong></span> <span class='ocrx_word' id='word_1_161' title='bbox 740 3545 769 3592; x_wconf 85' lang='lat' dir='ltr'><strong>et</strong></span> <span class='ocrx_word' id='word_1_162' title='bbox 780 3551 837 3610; x_wconf 78' lang='lat' dir='ltr'><strong>par</strong></span> <span class='ocrx_word' id='word_1_163' title='bbox 849 3535 891 3593; x_wconf 84' lang='lat' dir='ltr'><strong>les</strong></span> <span class='ocrx_word' id='word_1_164' title='bbox 904 3537 1055 3611; x_wconf 74' lang='lat' dir='ltr'><strong>tempetes.</strong></span> 
     </span>
    </p>
   </div>
   <div class='ocr_carea' id='block_1_6' title="bbox 412 3641 1451 3824">
    <p class='ocr_par' dir='ltr' id='par_1_10' title="bbox 412 3641 1451 3824">
     <span class='ocr_line' id='line_1_25' title="bbox 456 3641 1451 3725; baseline 0.002 -21"><span class='ocrx_word' id='word_1_165' title='bbox 456 3641 469 3680; x_wconf 82' lang='lat'><strong>³</strong></span> <span class='ocrx_word' id='word_1_166' title='bbox 493 3647 547 3704; x_wconf 83' lang='lat' dir='ltr'><strong>Les</strong></span> <span class='ocrx_word' id='word_1_167' title='bbox 564 3645 662 3724; x_wconf 77' lang='lat' dir='ltr'><strong>forgee</strong></span> <span class='ocrx_word' id='word_1_168' title='bbox 680 3645 717 3704; x_wconf 88' lang='lat' dir='ltr'><strong>de</strong></span> <span class='ocrx_word' id='word_1_169' title='bbox 733 3647 763 3704; x_wconf 85' lang='lat' dir='ltr'><strong>la</strong></span> <span class='ocrx_word' id='word_1_170' title='bbox 779 3649 935 3725; x_wconf 86' lang='lat' dir='ltr'><strong>Norique‚</strong></span> <span class='ocrx_word' id='word_1_171' title='bbox 955 3652 1074 3706; x_wconf 76' lang='lat' dir='ltr'><strong>eontree</strong></span> <span class='ocrx_word' id='word_1_172' title='bbox 1093 3647 1131 3708; x_wconf 85' lang='lat' dir='ltr'><strong>de</strong></span> <span class='ocrx_word' id='word_1_173' title='bbox 1145 3649 1174 3707; x_wconf 82' lang='lat' dir='ltr'><strong>la</strong></span> <span class='ocrx_word' id='word_1_174' title='bbox 1191 3649 1365 3719; x_wconf 77' lang='lat' dir='ltr'><strong>Germanic,</strong></span> <span class='ocrx_word' id='word_1_175' title='bbox 1382 3667 1451 3706; x_wconf 78' lang='lat' dir='ltr'><strong>vers</strong></span> 
     </span>
     <span class='ocr_line' id='line_1_26' title="bbox 412 3743 1451 3824; baseline 0.002 -22"><span class='ocrx_word' id='word_1_176' title='bbox 412 3743 575 3802; x_wconf 78' lang='lat' dir='ltr'><strong>l&#39;Autriche</strong></span> <span class='ocrx_word' id='word_1_177' title='bbox 584 3755 615 3801; x_wconf 82' lang='lat' dir='ltr'><strong>et</strong></span> <span class='ocrx_word' id='word_1_178' title='bbox 626 3745 655 3802; x_wconf 78' lang='lat' dir='ltr'><strong>la</strong></span> <span class='ocrx_word' id='word_1_179' title='bbox 664 3745 805 3815; x_wconf 74' lang='lat' dir='ltr'><strong>stiere,</strong></span> <span class='ocrx_word' id='word_1_180' title='bbox 816 3745 925 3803; x_wconf 76' lang='lat' dir='ltr'><strong>etaient</strong></span> <span class='ocrx_word' id='word_1_181' title='bbox 935 3747 1202 3805; x_wconf 72' lang='lat' dir='ltr'><strong>tris-renonimees.</strong></span> <span class='ocrx_word' id='word_1_182' title='bbox 1214 3747 1291 3806; x_wconf 84' lang='lat' dir='ltr'><strong>C&#39;est</strong></span> <span class='ocrx_word' id='word_1_183' title='bbox 1301 3749 1338 3804; x_wconf 87' lang='lat' dir='ltr'><strong>de</strong></span> <span class='ocrx_word' id='word_1_184' title='bbox 1351 3748 1380 3804; x_wconf 75' lang='lat' dir='ltr'><strong>li</strong></span> <span class='ocrx_word' id='word_1_185' title='bbox 1391 3767 1451 3824; x_wconf 82' lang='lat' dir='ltr'><strong>que</strong></span> 
     </span>
    </p>
   </div>
   <div class='ocr_carea' id='block_1_7' title="bbox 413 3843 1454 4020">
    <p class='ocr_par' dir='ltr' id='par_1_11' title="bbox 413 3843 1454 4020">
     <span class='ocr_line' id='line_1_27' title="bbox 413 3843 1454 3918; baseline 0.005 -15"><span class='ocrx_word' id='word_1_186' title='bbox 413 3845 455 3904; x_wconf 83' lang='lat' dir='ltr'><strong>tes</strong></span> <span class='ocrx_word' id='word_1_187' title='bbox 468 3843 610 3918; x_wconf 71' lang='lat' dir='ltr'><strong>Roneins</strong></span> <span class='ocrx_word' id='word_1_188' title='bbox 624 3845 742 3906; x_wconf 83' lang='lat' dir='ltr'><strong>tirsient</strong></span> <span class='ocrx_word' id='word_1_189' title='bbox 755 3847 782 3908; x_wconf 85' lang='lat' dir='ltr'><strong>le</strong></span> <span class='ocrx_word' id='word_1_190' title='bbox 794 3845 840 3906; x_wconf 78' lang='lat' dir='ltr'><strong>ter</strong></span> <span class='ocrx_word' id='word_1_191' title='bbox 856 3847 883 3906; x_wconf 88' lang='lat' dir='ltr'><strong>le</strong></span> <span class='ocrx_word' id='word_1_192' title='bbox 897 3847 997 3908; x_wconf 82' lang='lat' dir='ltr'><strong>nieux</strong></span> <span class='ocrx_word' id='word_1_193' title='bbox 1013 3847 1147 3910; x_wconf 77' lang='lat' dir='ltr'><strong>treveille</strong></span> <span class='ocrx_word' id='word_1_194' title='bbox 1163 3860 1192 3909; x_wconf 83' lang='lat' dir='ltr'><strong>et</strong></span> <span class='ocrx_word' id='word_1_195' title='bbox 1208 3849 1245 3910; x_wconf 88' lang='lat' dir='ltr'><strong>de</strong></span> <span class='ocrx_word' id='word_1_196' title='bbox 1260 3849 1290 3910; x_wconf 82' lang='lat' dir='ltr'><strong>ls</strong></span> <span class='ocrx_word' id='word_1_197' title='bbox 1301 3847 1454 3910; x_wconf 83' lang='lat' dir='ltr'><strong>meilleure</strong></span> 
     </span>
     <span class='ocr_line' id='line_1_28' title="bbox 414 3954 538 4020; baseline -0.032 -15"><span class='ocrx_word' id='word_1_198' title='bbox 414 3954 538 4020; x_wconf 83' lang='lat' dir='ltr'><strong>trempe.</strong></span> 
     </span>
    </p>
   </div>
   <div class='ocr_carea' id='block_1_8' title="bbox 0 0 1590 5366">
    <p class='ocr_par' dir='ltr' id='par_1_12' title="bbox 0 0 1590 5366">
     <span class='ocr_line' id='line_1_29' title="bbox 0 0 1590 5366; baseline 0 0"><span class='ocrx_word' id='word_1_199' title='bbox 0 0 1590 5366; x_wconf 95' lang='lat' dir='ltr'><strong> </strong></span> 
     </span>
    </p>
   </div>
  </div>
 </body>
</html>
