3178 5350
367 613 370 640 ε
427 613 495 688 172
542 607 626 664 ces
656 577 1094 664 nibesuonruosus
1125 603 1357 688 n’ovruu,

423 755 485 832 Me
498 760 602 834 videt
615 773 727 858 atque
738 757 834 834 Acin
845 741 1075 854 :videoque
1086 757 1288 856 exclamat,
1304 771 1358 858 et,
1372 761 1441 834 Iste

350 871 353 876 ⁵
422 889 565 966 Ultima
581 893 647 989 sit,
666 891 821 987 faciam,
838 890 978 964 Veneri
995 891 1195 966 concordia
1208 905 1355 969 vestre.

422 1021 618 1123 Tantaque
630 1049 728 1120 vox,
748 1035 928 1120 quantem
943 1022 1099 1120 Cyclops
1112 1022 1231 1096 iratus
1244 1022 1382 1098 habere

421 1151 584 1250 Debuit,
603 1153 668 1225 illa
682 1151 769 1225 suit.
788 1151 958 1224 Clamore
975 1149 1195 1246 perhorruit
1207 1151 1332 1224 AEtne.

421 1283 490 1358 Ast
506 1309 570 1382 ego
586 1284 714 1358 vicino
727 1281 916 1381 pavefacta
930 1282 1003 1360 sub
1017 1307 1168 1378 aequore
1184 1306 1343 1378 mergor.

422 1415 541 1516 Terga
554 1416 650 1515 sugae
663 1415 816 1532 (tederet
829 1439 1010 1488 conversa
1024 1412 1253 1512 Symaethius
1269 1413 1397 1507 beros;

310 1526 314 1548 ¹
421 1547 486 1644 Et,
499 1548 569 1622 Fer
581 1573 710 1646 opem,
723 1543 890 1641 Galatea,
904 1571 1054 1642 precor,
1071 1543 1186 1618 mihi:
1202 1546 1314 1642 ferte,
1331 1553 1487 1643 parentes
1499 1548 1516 1637 ¹,

420 1677 596 1772 Dixerat,
616 1687 653 1747 et
666 1673 800 1747 vestris
815 1672 1031 1770 periturum
1045 1671 1232 1746 admittite
1245 1674 1378 1771 regnis.

418 1793 421 1800 Δ
469 1807 690 1904 Insequitur
700 1804 859 1902 Cyclops
870 1832 876 1876 :
888 1814 1108 1900 partemque
1122 1829 1143 1874 c
1155 1815 1283 1875 monte
1298 1801 1476 1893 revulsam

419 1935 558 2030 Mittit,
578 1945 635 2030 et,
655 1945 847 2006 extremus
861 1931 1036 2030 quamvis
1052 1933 1228 2029 pervenit
1244 1933 1290 2006 ad
1305 1933 1413 2006 illurn

420 2067 592 2164 Angelus
606 2093 626 2140 e
639 2093 750 2162 saxo,
768 2076 893 2140 totum
910 2079 1038 2138 tamen
1055 2066 1184 2139 obruit
1201 2065 1310 2139 Acin.

420 2201 470 2274 At
484 2227 574 2295 nos,
589 2199 692 2297 quod
706 2197 789 2272 ficri
807 2199 930 2272 solum
944 2225 1012 2294 per
1028 2197 1101 2269 satu
1114 2196 1266 2290 licebat,

419 2329 610 2426 Fecimus,
627 2342 672 2402 ut
686 2331 786 2404 vires
803 2341 1007 2402 assumeret
1020 2327 1106 2401 Acis
1122 2327 1252 2401 avitas.

468 2457 657 2532 Puniceus
671 2458 718 2531 de
730 2457 829 2531 mole
842 2483 955 2530 cruor
968 2457 1164 2551 manabat,
1181 2467 1218 2528 et
1231 2459 1332 2528 intra

418 2585 616 2684 Temporis
634 2587 814 2684 exiguum
827 2586 946 2658 rubor
960 2609 1179 2658 evanescere
1191 2583 1323 2681 coepit:

419 2715 554 2814 Fitque
567 2715 670 2787 color
684 2714 810 2812 primb
824 2713 966 2786 turbati
981 2711 1153 2793 fluminis
1167 2711 1308 2809 imbre,

419 2845 680 2943 Purgaturque
696 2845 814 2919 moret.
835 2843 936 2918 Tum
949 2845 1065 2918 moles
1079 2845 1173 2938 jacta
1188 2841 1364 2937 dehiscit,

418 2975 592 3073 Vivaque
604 3003 673 3073 per
686 2977 818 3072 rimas,
838 3001 1067 3074 proceraque
1082 2977 1200 3072 surgit
1212 2974 1379 3072 arundo,

421 3107 549 3204 Osque
563 3132 699 3180 cavum
717 3109 798 3180 saxi
811 3120 918 3180 sonat
934 3107 1210 3181 exsultantibus
1225 3105 1350 3182 undis.
1378 3193 1381 3206 Ι

419 3239 591 3335 Miraque
605 3242 682 3312 res!
700 3238 825 3313 subitb
840 3239 964 3314 mediet
977 3253 1088 3314 tenus
1106 3239 1249 3314 exstitit
1265 3239 1351 3311 alvo

419 3371 613 3448 Incinctus
628 3373 779 3468 juvenis
795 3371 903 3448 flexis
920 3399 1021 3448 nova
1037 3399 1179 3448 cornua
1191 3372 1322 3446 cannis
1337 3378 1362 3444 ¹.

462 3541 470 3570 ¹
493 3537 534 3594 La
551 3536 630 3594 mere
646 3535 744 3594 d’Acis
761 3537 830 3594 etait
847 3539 875 3594 ln
893 3539 1023 3616 nymphe
1039 3537 1186 3607 stmtthe,
1200 3535 1258 3593 fille
1271 3534 1343 3592 d’uu
1359 3531 1448 3592 fleure

420 3631 463 3688 du
478 3633 571 3690 meme
586 3653 675 3704 nom,
690 3633 764 3691 daus
777 3636 803 3691 la
819 3633 913 3694 Sicile.

466 3733 479 3762 ¹
502 3731 745 3802 Namflmr'orum
756 3733 799 3788 dii
808 3749 917 3790 cornua
926 3732 1193 3800 habendarum,
1201 3741 1325 3806 propter
1335 3729 1448 3784 uicum·

412 3827 566 3902 fleriones
576 3869 586 3896 ‚
609 3847 677 3904 quoe
693 3844 802 3886 cornua
819 3846 971 3888 vocantur.
992 3831 1091 3888 Cincta
1110 3843 1207 3887 autem
1226 3848 1334 3886 cornua
1355 3827 1447 3884 canm‘s

423 3925 529 3978 idcirce
539 3925 807 4003 huberefinguntur
813 3970 824 3998 ,
841 3928 994 4004 quidsere'
1005 3931 1036 3986 in
1049 3930 1119 4006 ripis
1123 3927 1286 4002 fluminum
1300 3925 1448 3982 arundines

425 4035 588 4079 nascuntur.
1280 4027 1289 4036 ‘
