3178 5350
428 591 501 670 πθ
543 599 628 661 ces
658 566 1105 656 ntrtnouruosss
1134 579 1366 660 novum,

427 751 600 829 Concitat
612 739 850 842 Antiphates.
866 734 1036 828 coeunt,
1052 741 1090 803 et
1102 756 1191 804 saxa
1204 733 1405 830 trabesque
1510 720 1512 730 ’

428 877 950 966 Continuantzmerguntque
962 861 1088 958 viros,
1107 872 1361 959 merguntque
1374 859 1528 934 caunas.

430 1015 517 1090 Una
530 1027 678 1107 tamen,
694 1031 781 1105 quae
793 1027 885 1095 nos,
903 998 1109 1095 ipsumque
1125 993 1290 1068 vehebat
1302 993 1484 1094 Ulyssen,

428 1143 582 1242 Effugit.
601 1135 750 1214 Amissi
763 1131 955 1208 sociorum
968 1135 1094 1223 parte,
1112 1121 1302 1222 dolentes,

344 1311 346 1320 ·
430 1275 627 1371 Multaque
643 1261 843 1364 conquesti
857 1257 970 1333 terris
986 1253 1190 1330 allabimur'
1204 1254 1281 1328 illis
1297 1261 1331 1351 ¹,

431 1407 535 1496 Quas
542 1385 1552 1504 proculhiuccernis.Proculhinctibi,cerne,videntla

430 1537 678 1634 Insula,-visa
688 1527 810 1605 mihi:
824 1538 963 1622 tuque,
978 1520 1021 1596 6!
1037 1519 1245 1616 justissime
1256 1517 1423 1617 Trhum,

430 1675 525 1752 Nate
537 1669 636 1766 Dee,
652 1689 778 1764 neque
795 1660 900 1735 enim
913 1656 1024 1732 finito
1035 1657 1157 1730 Marte
1169 1653 1365 1728 vocandus

430 1803 559 1880 Hostis
572 1825 628 1897 es,
643 1797 783 1890 AEnea,
801 1814 961 1885 moneo,
981 1783 1069 1883 suge
1083 1783 1196 1858 litora
1208 1783 1345 1856 Circes.

430 1930 508 2014 Nos
524 1957 699 2032 quoque,
715 1925 857 2000 Circaeo
874 1915 1027 2016 religati
1042 1915 1086 1988 in
1101 1914 1213 1987 litore
1225 1911 1344 2010 pinu,

342 2152 344 2162 ,
432 2066 651 2165 Antiphatae
664 2081 872 2151 memores,
888 2046 1212 2142 immansuetique
1224 2051 1237 2080 ⁸
1251 2043 1448 2140 Cyclopis,

432 2200 494 2274 Ire
511 2193 756 2292 negabamus,
775 2195 813 2258 et
824 2193 922 2256 tecta
933 2180 1061 2278 ignota
1073 2173 1216 2249 subire.

431 2329 541 2402 Sorte
555 2345 688 2396 sumus
701 2316 802 2392 lecti.
822 2314 910 2388 Sors
923 2337 1006 2407 me,
1021 2307 1222 2404 fidumque
1236 2305 1416 2405 Polyten,

432 2455 773 2558 Eurylochumque
786 2445 922 2541 simul,
938 2440 1129 2538 nimiique
1142 2438 1329 2535 Elpenora
1341 2435 1447 2536 vini,

433 2593 575 2690 Bisque
592 2609 733 2662 novem
751 2579 871 2654 socios
887 2577 1029 2651 Circaea
1041 2573 1088 2647 ad
1105 2572 1250 2646 moenia
1265 2570 1381 2646 misit.

434 2723 532 2811 Quae
544 2715 662 2792 simul
673 2711 884 2810 attigimus,
901 2707 1150 2802 stetimusque
1161 2685 1206 2776 in
1219 2701 1355 2777 limine
1368 2700 1457 2776 tecti
1466 2732 1475 2798 3

374 2895 375 2898 ¹
434 2849 541 2928 Mille
557 2845 663 2945 lupi,
680 2843 889 2938 mixtaeque
906 2837 1009 2935 lupis
1026 2859 1201 2932 ursaeque
1216 2833 1361 2930 leaeque

437 2987 610 3060 Occursu
623 2975 749 3053 'fecere
764 2985 913 3050 metum
932 2999 940 3045 :
957 2970 1021 3044 sed
1040 2970 1147 3043 nulla
1163 2969 1334 3044 timenda
1348 2967 1381 3065 ³,

436 3113 627 3210 Nullaque
642 3121 722 3186 erat
733 3099 864 3182 nostro
876 3106 1022 3184 factura
1034 3103 1081 3184 in
1091 3129 1248 3201 corpore
1260 3101 1417 3176 vulnus.

485 3347 496 3378 ¹
524 3341 666 3400 Circoem
681 3340 747 3398 litus
760 3340 850 3416 digito
862 3338 988 3396 ostendit
997 3337 1173 3406 Macareus,
1187 3335 1268 3412 quod
1282 3333 1400 3410 quidem
1409 3353 1483 3410 pm-

441 3440 615 3502 monton'um
626 3450 670 3495 est
680 3437 777 3507 Latii,
790 3437 811 3493 ὰ
823 3435 904 3492 Circe
915 3437 1034 3492 dictum.

483 3545 499 3575 ⁸
520 3539 584 3598 sci
594 3537 670 3594 illud
677 3535 822 3612 epitheton
826 3531 938 3610 parum
940 3513 1060 3608 sericati
1073 3529 1207 3608 Cyclopis
1219 3529 1369 3586 convenite
1378 3531 1484 3586 videa·

440 3655 497 3711 tur,
511 3638 645 3698 Ovidium
654 3634 710 3692 hoc
720 3633 866 3692 locorecu’
875 3635 1100 3690 immmuetum
1110 3629 1187 3686 hunc
1195 3627 1320 3697 deesse,
1326 3645 1387 3702 pro
1392 3627 1483 3684 valde

441 3734 720 3816 acprorszlscrudeli
726 3775 737 3804 ,
752 3733 981 3790 existimandum
990 3743 1050 3801 θεῖς
1061 3731 1196 3806 exemplo
1208 3729 1335 3805 Vergilii,
1352 3728 1405 3803 qui
1412 3726 1488 3782 dixit

445 3857 561 3916 quoque
572 3837 749 3894 illaudatum
759 3835 935 3891 Busin'dem.

486 3933 499 3974 ³
522 3938 638 3997 Idcirco
660 3939 743 3994 nulla
756 3935 897 4010 serarum
920 3936 1052 3993 timenda
1066 3932 1240 4000 videbatur,
1267 3927 1338 4004 quib
1357 3926 1485 3985 nondum

442 4035 654 4098 humanitatem
667 4031 880 4112 dqsosu'crant,
895 4034 987 4112 eoque
1001 4034 1165 4093 lemuribus
1179 4029 1389 4087 adulabanmr.
