3178 5350
422 657 494 716 oso
537 655 620 712 rus
649 626 1083 712 ntrsuonrnosrs
1114 651 1350 736 novior,

420 799 629 876 Immunem
644 803 840 900 scopulum
854 799 996 876 medias
1009 801 1181 898 pennisit
1195 803 1237 876 in
1252 793 1400 878 undas(

421 931 511 1006 Vidi
529 934 691 1030 iterum,
709 933 831 1006 veluti
844 931 1024 1006 tormenti
1037 933 1184 1007 viribus
1201 947 1281 1008 acta
1299 944 1334 1033 ¹,

419 1061 530 1137 Vasta
545 1065 711 1164 giganteo
723 1066 948 1161 jaculantem
961 1091 1050 1138 saxa
1066 1066 1215 1140 lacerto.

391 1211 395 1218 '
416 1193 484 1290 Et,
499 1221 548 1270 ne
561 1194 787 1292 deprimeret
798 1195 984 1268 fluctusve
997 1195 1139 1292 lapisve
1153 1197 1337 1293 carinam,

417 1327 601 1402 Pertimui
609 1357 619 1424 ;
635 1330 711 1424 jam
724 1325 785 1400 me
798 1355 878 1402 non
893 1355 970 1402 esse
982 1329 1123 1402 oblitus
1137 1331 1178 1402 in
1196 1330 1272 1404 illei.

464 1455 516 1528 Ut
529 1457 620 1531 vero
637 1455 723 1553 fuga
738 1483 805 1530 vos
817 1457 863 1530 ab
880 1458 1011 1530 acerbi
1026 1469 1147 1548 morte
1164 1454 1351 1554 removit,

385 1561 391 1572 '
416 1583 483 1658 1110
496 1585 650 1682 quidem
663 1598 778 1660 totam
792 1585 1064 1662 fremebundus
1078 1587 1295 1660 obambulat
1308 1587 1487 1682 AEtnam,

414 1712 691 1812 Praetentatque
703 1741 822 1788 manu
838 1713 968 1810 silvas3
987 1725 1025 1786 et
1038 1714 1197 1788 luminis
1210 1717 1326 1789 orbus

416 1837 589 1938 Rupibus
603 1844 771 1915 incursat
789 1871 798 1914 :
818 1841 1030 1940 foedataque
1047 1844 1200 1918 brachiu
1213 1846 1298 1918 tabo

415 1973 460 2044 ln
473 1999 576 2046 mare
588 1973 835 2072 protendens,
850 1987 998 2072 gentem
1014 1987 1228 2049 exsecratur
1241 1975 1440 2050 Achivam.

462 2102 587 2200 Atque
600 2107 653 2178 ait
669 2133 677 2177 :
694 2109 747 2181 O!
767 2106 899 2203 siquis
915 2104 1052 2180 reserat
1069 2105 1167 2180 mihi
1180 2132 1286 2179 casus
1296 2105 1485 2202 Ulyssen!

413 2237 491 2311 Aut
504 2239 668 2338 aliquem
683 2267 703 2314 e
716 2241 843 2338 sociis,
860 2242 902 2314 in
918 2267 1034 2338 quem
1048 2267 1133 2316 mea
1149 2241 1279 2315 saeviat
1292 2240 1367 2314 ira!

413 2365 562 2439 Viscera
579 2369 687 2462 cujus
701 2368 826 2466 edam,
846 2371 953 2464 eujus
971 2371 1142 2444 viventia
1155 2369 1290 2444 dextri

412 2497 581 2570 Membra
593 2497 675 2571 meai
693 2499 850 2594 laniem,
869 2500 976 2594 cujus
991 2497 1090 2570 mihi
1101 2497 1251 2594 sanguis
1264 2493 1429 2570 inundet

413 2627 573 2726 Guttur,
590 2641 627 2702 et
643 2629 725 2702 elisi
739 2629 928 2727 trepident
940 2631 1010 2704 sub
1025 2629 1204 2704 dentibus
1217 2639 1341 2722 artus3

413 2755 538 2840 Quam
546 2757 715 2853 nullum,
728 2758 881 2831 autleve
894 2759 942 2831 sit
950 2759 1136 2832 damnum
1142 2755 1240 2830 mihi
1248 2756 1342 2830 lucis
1350 2754 1537 2832 ademtae!

461 2881 571 2974 Haeo,
589 2895 625 2956 et
637 2883 747 2980 plura
760 2883 880 2958 ferox.
899 2885 961 2958 Me
974 2884 1125 2958 luridus
1137 2895 1296 2980 occupat
1309 2883 1468 2978 horror,

411 3011 646 3107 Spectantem
660 3014 790 3086 vultus
804 3015 1013 3088 etiamnum
1030 3013 1129 3088 caede
1144 3011 1355 3106 madentes,

412 3145 664 3240 crudelesque
677 3171 830 3240 manus,
849 3157 887 3218 et
901 3146 1055 3218 inanem
1068 3143 1228 3216 luminis
1244 3143 1399 3233 orbem,

411 3272 674 3368 Membraque,
692 3285 728 3344 et
740 3271 910 3346 humano
923 3285 1134 3346 concretam
1148 3271 1329 3369 sanguine
1342 3269 1514 3342 barbaro.

410 3399 511 3474 Mors
526 3413 604 3474 erat
616 3415 702 3474 ante
715 3404 862 3500 ocu10s3
883 3405 1089 3480 minimum
1103 3415 1229 3477 tamen
1244 3401 1308 3474 illa
1322 3401 1529 3476 malorum.
1558 3481 1565 3500 ι

460 3567 468 3595 ¹
494 3567 608 3623 Alludc'e
619 3567 736 3625 Ovidius
742 3571 786 3625 od
794 3571 828 3624 id
834 3571 914 3645 quod
920 3569 1003 3645 opud
1009 3571 1166 3626 Homerum
1165 3569 1451 3646 fingr'tur,0dysseoe

414 3663 486 3720 lib'ro
496 3686 592 3736 nono,
606 3667 656 3722 ubi
670 3671 784 3742 Ulysses
795 3671 864 3725 navi
878 3669 1030 3747 effugiens
1036 3709 1046 3740 ,
1061 3669 1276 3747 Polyphemum
1287 3672 1447 3728 clamando

413 3767 444 3819 in
454 3785 485 3820 so
493 3767 600 3836 irritat,
614 3771 790 3842 quorejactu
804 3769 1118 3846 ingennssaxi‚poene
1127 3771 1226 3845 etipse
1236 3810 1247 3838 ,
1259 3781 1288 3825 ct
1299 3781 1358 3824 tota
1367 3771 1451 3826 noers

343 3855 345 3861 ’
375 3871 382 3880 ’
413 3861 453 3914 ob
465 3863 567 3918 eodem
585 3865 763 3940 Polyphemo
767 3868 833 3938 suit
843 3869 956 3924 obtre'ta.
985 3871 1168 3924 Tor-mentum
1178 3868 1450 3922 autentostinstru-

414 3957 545 4018 mention
555 3963 686 4020 bellicum
697 3965 717 4020 ὰ
729 3969 896 4043 torquendis
905 3981 933 4025 et
947 3987 1011 4026 ouen
1022 3969 1130 4044 impetu
1144 3967 1288 4026 mittendis
1302 3967 1452 4042 capidibus

413 4061 529 4117 dt'cwm·
612 4100 615 4106 ·
