3248 5338
385 611 431 662 aa
503 599 588 660 nes
617 574 1063 659 ni'rsuonruosns
1088 601 1315 681 n’ovrua,

383 749 577 849 Tegrninis
593 751 778 847 officium3
794 763 921 825 tamen
934 732 1176 828 indestrictus
1188 755 1315 832 abihu.

384 883 450 956 Est
462 883 627 982 aliquid,
643 909 724 958 non
741 909 818 957 esse
830 895 955 958 satum
967 885 1144 982 Nereide,
1159 885 1223 960 sed
1241 889 1314 985 qui

384 1011 597 1114 Nereaque,
613 1026 651 1088 et
662 1027 768 1090 natas
785 1025 958 1090 ettotum
974 1025 1301 1116 temperetaequor
1316 1025 1353 1092 ’μ

431 1144 544 1219 Dixit
559 1157 622 1220 :et
633 1143 830 1220 haesurum
844 1143 968 1242 clypei
984 1145 1207 1220 curvamine
1222 1147 1342 1222 telum

378 1271 488 1349 Misit
502 1273 546 1349 in
555 1271 741 1348 AEaciden
758 1272 886 1372 :quod
901 1285 938 1346 et
951 1299 1019 1370 aes,
1035 1286 1073 1348 et
1085 1275 1262 1372 proxima
1276 1276 1385 1374 rupit

384 1403 502 1504 Terga
514 1431 664 1481 novena
674 1406 794 1480 boum
807 1402 973 1478 :decimo
983 1405 1216 1478 umen-orbe
1227 1415 1435 1480 moratrrm.
1447 1443 1466 1482 ,-

385 1533 541 1609 Excutit
556 1535 634 1610 hoe
645 1535 758 1610 heros
776 1563 784 1609 :
800 1555 1011 1632 rursusque
1027 1537 1229 1610 trementia
1246 1531 1335 1610 forti
1380 1589 1384 1602 ,

386 1663 477 1738 Tela
493 1691 611 1740 manu
626 1665 737 1740 torsit
754 1694 762 1740 :
778 1691 912 1740 rursus
928 1663 1010 1738 sine
1024 1663 1185 1740 vulnere
1200 1689 1360 1762 corpus,

385 1797 659 1894 Sincerumque
669 1855 679 1894 ,
689 1796 784 1872 suit.
799 1797 875 1870 Nee
892 1795 1003 1870 tertia
1016 1795 1143 1894 cuspis
1158 1807 1354 1894 apertum,

385 1930 434 2004 Et
448 1958 487 2005 se
503 1934 733 2030 praebentem
748 1931 872 2006 valuit
887 1923 1118 2029 destringere
1134 1931 1326 2030 Cygnum..

434 2059 546 2134 Haud
565 2085 670 2134 secus
686 2060 847 2156 exarsit,
861 2059 978 2156 quarn
992 2059 1102 2134 Cimo
1114 2069 1250 2134 taurus
1260 2065 1413 2156 aperto,

387 2192 486 2265 cum
500 2217 568 2265 sua
582 2192 745 2266 terribili
759 2191 854 2290 petit
869 2189 1085 2265 irritamina
1100 2215 1239 2289 eornu,

386 2319 606 2394 Phoenieeas
622 2331 762 2416 vestes,
778 2319 956 2417 elusaque
971 2317 1133 2392 vulnera
1147 2316 1274 2392 sentit.
1316 2385 1319 2392 ,

386 2449 489 2526 Num
503 2461 630 2528 tamen
644 2451 827 2528 exciderit
842 2452 1008 2550 ferrum,
1024 2449 1253 2550 considerat,
1268 2449 1383 2543 haste
1392 2481 1417 2548 3.
1447 2523 1453 2534 ,

385 2581 559 2658 Haerebet
575 2584 689 2682 ligno.
706 2584 843 2660 Manus
857 2596 913 2658 est
925 2609 1009 2658 mea
1024 2582 1159 2658 debilis
1176 2607 1284 2681 ergo;
1434 2671 1442 2682 ἢ

387 2713 586 2814 Quasque,
603 2717 671 2816 ait,
687 2729 774 2792 unte
787 2717 924 2790 habuit
937 2715 1058 2811 vires,
1074 2711 1210 2788 effudit
1222 2713 1265 2786 in
1277 2737 1370 2786 uno.
1409 2777 1414 2785 .

386 2843 483 2918 Nam
499 2849 598 2918 certe
616 2845 756 2940 valuit,
774 2843 837 2918 vel
851 2841 940 2916 ciam
955 2841 1137 2940 Lyrnesia
1151 2847 1165 2878 ¹
1178 2841 1326 2939 primus
1383 2867 1386 2874 ·

353 2961 356 2968 ¹
387 2974 531 3048 Moenia
543 2973 692 3069 disjeci5
708 2974 770 3048 vel
784 2975 875 3048 cirrn
885 2974 1164 3073 Tenedonque,
1177 2997 1324 3071 suoque

388 3102 585 3178 Eetioneas
601 3103 759 3201 implevi
775 3105 957 3202 sanguine
970 3081 1119 3180 Thebas
1132 3103 1162 3180 ⁸.
1239 3123 1241 3128 ’

388 3231 458 3306 Vel
472 3233 561 3306 ciam
577 3259 793 3331 purpureus
810 3235 984 3332 populari
998 3235 1097 3310 caede
1110 3237 1258 3333 Caycus·

390 3363 520 3440 Fluxit
529 3395 540 3462 3
556 3389 727 3462 opusque
742 3389 835 3440 mese
852 3365 910 3442 bis
927 3365 1045 3440 sensit
1057 3363 1249 3463 Telephus
1262 3361 1391 3438 hate.

434 3531 444 3561 ¹
469 3530 525 3586 Les
534 3529 623 3587 he'ros
633 3527 670 3586 de
679 3501 790 3589 l’lliatle
801 3549 831 3588 se
842 3531 1030 3608 harangnent
1042 3529 1116 3587 dans
1127 3530 1156 3587 le
1166 3529 1284 3587 combat
1294 3539 1325 3586 et
1335 3527 1431 3586 meme

390 3627 466 3685 dans
480 3629 508 3684 la
521 3629 620 3686 melda.
635 3627 730 3686 Ovide
742 3631 801 3688 snit
813 3629 850 3686 ici
864 3631 1014 3705 l'exemple
1028 3629 1197 3690 d’flontse

436 3729 449 3757 ⁸
473 3725 615 3799 Lyrnesse
626 3763 635 3794 ,
648 3725 717 3782 ville
729 3727 842 3784 celebre
855 3725 892 3784 de
905 3727 933 3784 la
946 3721 1082 3796 Troade,
1094 3723 1173 3802 prise
1185 3743 1242 3802 par
1253 3723 1376 3782 Achille.
1391 3723 1433 3782 Ge

260 3846 267 3860 ·
391 3823 439 3880 sut
451 3821 478 3878 lt
494 3822 567 3896 qu'il
581 3813 682 3880 enleva
698 3823 819 3882 Briseis.

434 3915 447 3954 ³
472 3921 601 3993 Thebes,
611 3921 679 3982 ville
689 3923 800 3983 danila
812 3921 925 3995 Cilicia,
936 3921 1043 3982 tondte
1053 3921 1241 4000 parEttion,
1255 3921 1326 3998 pere
1336 3921 1432 3980 d'An-
1451 3973 1453 3980 ,

389 4021 569 4098 nonaque.
1155 4053 1159 4062 ·
