3216 5344
394 571 443 650 86
510 591 594 648 nas
622 563 1057 646 nicanonnuoses
1090 589 1321 670 moulon,

393 724 569 813 Militiam
586 739 673 812 ficto
691 767 699 811 :
716 737 835 811 donec
848 735 1021 808 solertior
1037 733 1132 832 isto,

395 869 466 971 Sed
480 871 553 946 sibi
569 851 767 969 inutilior,
787 868 914 944 timidi
929 879 1143 944 commenta
1157 869 1295 944 retexit

393 997 618 1104 Naupliades
636 985 776 1101 amini,
793 1005 986 1101 vitataque
998 1003 1115 1077 emit
1129 1001 1172 1077 in
1184 1029 1300 1078 arma.

395 1134 549 1231 Optima
562 1157 667 1208 nnnc
679 1143 824 1230 sumat,
843 1131 912 1230 qui
925 1155 1074 1206 sumere
1087 1127 1213 1205 noluit
1226 1129 1305 1204 ulla
1320 1133 1328 1166 ¹
1344 1131 1354 1202 l

394 1269 469 1342 Nos
485 1265 725 1362 inhonorati,
743 1243 905 1340 etdonis
919 1262 1153 1362 patruelibus
1167 1261 1253 1336 orbi
1262 1320 1286 1358 J
1340 1245 1343 1252 ’

395 1388 615 1472 obtulimus
631 1394 785 1492 quinos
801 1389 847 1466 ad
861 1391 986 1490 prima
998 1391 1185 1491 pericula,
1198 1375 1339 1466 simus!

443 1525 567 1624 Atque
574 1501 929 1620 utinumiautverus
936 1522 1046 1600 furor
1053 1525 1129 1623 ille,
1137 1510 1485 1600 autereditusesset!

395 1658 471 1732 Nec
484 1679 606 1730 comes
617 1632 682 1727 hic
695 1653 876 1752 Phrygias
886 1679 1059 1752 unquam
1068 1656 1234 1730 venisset
1246 1655 1293 1729 atl
1306 1679 1409 1729 eroes

396 1788 573 1862 Hortatur
586 1785 789 1860 scelerum!
805 1775 887 1860 non
899 1797 954 1884 te,
970 1785 1140 1862 Poeantia
1151 1787 1316 1887 proles⁸‚
1418 1763 1420 1770 ¹

396 1919 621 2018 Expositum
634 1917 797 1993 lemnos
810 1930 939 1994 nostro
956 1945 1045 1996 cum
1059 1921 1219 1995 crimine
1234 1919 1401 1994 haberet.
1418 2021 1421 2026 Ι

396 2049 609 2147 Quinum,
624 2057 669 2122 ut
681 2059 911 2148 memorant,
925 2047 1163 2126 silvestn'bus
1174 2049 1324 2124 abditus
1335 2047 1456 2123 antris

397 2180 493 2252 Saxa
508 2203 637 2252 moves
650 2175 812 2277 gemitu,
830 2179 1111 2279 Latitiadaeque
1127 2179 1308 2279 precaris,

397 2309 492 2397 Quae
505 2287 670 2382 meruit:
685 2333 789 2406 quse,
808 2308 841 2381 si
853 2307 904 2382 Dl
918 2320 1026 2406 sunt,
1041 2331 1121 2383 non
1133 2317 1231 2383 vana
1242 2307 1418 2406 precaris.
1546 2381 1553 2404 κ

445 2439 494 2514 Et
508 2463 614 2514 nunc
630 2437 694 2513 ille
711 2439 840 2514 eadem
854 2441 965 2516 nobis
978 2444 1125 2538 juratus
1142 2443 1184 2518 in
1201 2467 1325 2540 arma,
1362 2443 1364 2448 ’

395 2573 504 2647 Heu!
521 2599 606 2670 pars
619 2599 698 2648 una
709 2575 872 2672 ducum,
892 2601 970 2673 quo
986 2601 1195 2652 successore
1207 2575 1348 2675 sagitte

395 2695 569 2778 Herculis
585 2716 771 2804 utuntur,
786 2705 927 2782 finctus
939 2711 1149 2807 morboque
1162 2707 1352 2806 fameque,

395 2829 627 2929 velaturque
639 2831 830 2932 aliturque
842 2835 998 2933 avibus,
1016 2805 1264 2934 volucresque
1280 2832 1444 2934 petendo

397 2967 533 3042 Debita
545 2965 720 3062 Troianis
732 2979 882 3042 exercet
894 2959 1037 3068 spicula
1048 2968 1134 3042 fatis
1148 2963 1175 3042 ³.

444 3095 513 3170 Ille
524 3107 651 3170 tamen
664 3097 785 3194 vivit,
804 3099 895 3195 quia
910 3124 990 3176 non
1003 3097 1199 3174 comitavit
1213 3095 1386 3197 Ulyssen.
1485 3180 1492 3192 ,

394 3221 523 3300 Mallet
536 3235 573 3298 et
589 3225 725 3300 infelix
738 3227 952 3304 Palamedes
968 3255 1044 3304 esse
1060 3231 1213 3305 relictus
1222 3261 1233 3328 3
1361 3217 1365 3228 ⁵

430 3425 450 3457 ‘¹
476 3422 578 3478 Itonia
597 3423 804 3499 indignationis
820 3429 917 3502 plena
927 3468 938 3497 ,
961 3427 1023 3504 qud
1038 3430 1119 3502 ΔῘαε
1135 3429 1281 3506 signficant
1302 3431 1434 3504 Ulyssem

397 3517 481 3577 nulld
490 3520 603 3578 ratione
614 3523 704 3578 armis
716 3523 837 3582 Achillis
849 3545 911 3582 esse
921 3525 1039 3602 &gneum
1048 3567 1059 3597 ,
1073 3545 1104 3584 se
1115 3541 1210 3586 autem
1225 3547 1285 3585 esse
1296 3527 1431 3603 dignissi-

399 3639 491 3676 mum.

439 3719 453 3748 ¹
477 3715 516 3772 Ce
531 3715 578 3772 lut
591 3735 647 3792 par
662 3717 690 3776 le
702 3720 813 3778 conseil
827 3720 962 3798 d’utym
977 3741 1035 3800 que
1050 3675 1208 3782 Philoctete
1218 3764 1228 3793 ‚
1239 3722 1285 3780 fils
1296 3722 1332 3782 de
1343 3723 1439 3792 Ptan,

394 3809 443 3868 tut
455 3811 632 3872 abandonne
644 3817 776 3891 pendant
789 3838 845 3878 son
857 3820 989 3879 sommeil
1002 3821 1077 3880 dans
1088 3821 1146 3879 l'lle
1158 3821 1196 3878 de
1206 3822 1342 3878 Lemnos.

436 3901 450 3942 ³
472 3909 604 3967 L’omcle
616 3913 695 3970 avait
707 3915 821 3974 declar&
835 3935 895 3995 que
908 3936 976 3977 sans
986 3920 1029 3978 les
1041 3915 1146 3977 fleches
1158 3919 1329 3988 effluente,
1344 3916 1433 3974 Troie

394 4023 431 4064 ne
444 4008 582 4082 pourrait
594 4009 660 4092 ttre
668 4012 756 4087 prise.
