3170 5366
408 513 479 581 270
523 499 608 556 nus
637 467 1075 552 ndrauonrnosns
1104 490 1337 572 novum,

335 613 337 625 .
405 653 592 749 Tempora
608 669 706 740 saepe
719 663 850 740 gerens
862 637 967 714 foeno
979 637 1131 736 religata
1143 647 1310 744 recenti,

403 784 606 858 Desectum
619 782 764 872 poterat
779 793 933 865 pumen
948 793 1116 844 versasse
1128 772 1267 848 videri.

403 915 510 1010 Saepe
522 933 640 984 manu
657 901 830 978 stimulos
846 897 966 995 rigida
981 903 1171 999 portabat3
1189 904 1364 978 utillum

403 1045 426 1118 J
428 1065 557 1116 urares
569 1035 682 1110 fessos
698 1027 812 1102 modo
827 1023 1058 1122 disjunxisse
1071 1029 1267 1126 juvencos.

403 1172 510 1248 Falce
522 1164 624 1258 dau,
640 1157 836 1236 frondator
851 1167 949 1254 erat,
968 1155 1136 1254 vitisque
1149 1169 1315 1256 putator.

402 1302 584 1380 Induerat
599 1290 739 1368 scalas?
751 1289 942 1361 lecturum
960 1313 1073 1384 poma
1087 1299 1253 1386 putares.

402 1433 511 1509 Miles
524 1438 620 1518 erat,
636 1419 775 1520 gladi03
790 1419 971 1516 piscator,
986 1417 1177 1492 arundine
1190 1418 1328 1494 sumti.

403 1565 580 1660 Denique
592 1583 661 1656 per
673 1554 811 1628 multas
827 1551 975 1624 aditum
990 1551 1064 1624 sibi
1077 1577 1174 1650 saepe
1189 1547 1329 1648 figuras

403 1699 578 1796 Repetit,
597 1701 643 1762 ut
654 1695 801 1782 caperet
812 1693 984 1780 spectatae
997 1681 1132 1780 gaudia
1147 1682 1293 1758 fonnae.

449 1797 518 1905 lile
532 1825 665 1917 etiam,
682 1815 784 1917 pictai
794 1814 994 1890 redimitus
1008 1827 1177 1912 tempora
1193 1815 1330 1910 mitet,

402 1963 575 2041 Innitens
588 1953 742 2046 baculo,
761 1925 892 2046 positis
908 1946 954 2020 ad
971 1959 1140 2044 tempora
1156 1949 1277 2046 canis,

401 2083 649 2168 Assiruulavit
660 2105 779 2154 anum
796 2107 803 2152 :
822 2076 1020 2174 cultosque
1033 2076 1192 2150 intravit
1207 2076 1250 2150 in
1266 2075 1418 2173 hortos,

403 2221 596 2312 Pomaque
611 2209 748 2286 miram
763 2217 817 2278 est
834 2234 842 2278 :
857 2201 1057 2300 Tantoque
1068 2203 1261 2302 potentior
1277 2209 1307 2302 ¹,
1324 2204 1469 2306 inquit.

401 2351 600 2440 Paucaque
609 2335 770 2412 laudatae
782 2332 888 2408 dedit
903 2333 1050 2430 oscula,
1066 2333 1193 2432 qualia
1205 2359 1420 2433 numquam

401 2478 500 2552 Vera
512 2469 675 2547 dodisset
687 2491 782 2540 anus
799 2493 807 2538 :
822 2464 1005 2562 glebisque
1015 2465 1179 2540 incurva
1194 2465 1350 2566 resedit,

403 2603 618 2704 Suspicione
632 2595 776 2696 pandos
792 2595 971 2668 autumni
984 2596 1151 2694 pondere
1167 2623 1304 2674 ramos.

450 2737 589 2810 Ulmus
602 2742 682 2804 erat
697 2739 848 2824 contra,
864 2733 1025 2826 spatiosa
1037 2731 1276 2806 tumentibus
1290 2733 1398 2830 uvis3

401 2871 527 2957 Quam
540 2863 639 2938 socid
650 2873 735 2960 post
747 2861 862 2956 quam
876 2861 1019 2958 pariter
1031 2889 1121 2936 cum
1135 2865 1215 2936 vite
1230 2865 1424 2964 probavit;

400 3004 451 3076 At
464 2999 497 3072 si
510 3005 640 3088 staret,
656 2992 728 3088 ait,
747 2991 878 3064 caelebs
892 2991 974 3066 sine
986 2993 1140 3092 palmite
1154 3003 1333 3086 truncus,

444 3152 454 3183 ¹
481 3150 563 3206 Cette
576 3147 679 3220 lepor,
697 3143 751 3220 qui
766 3155 810 3200 est
822 3143 893 3202 celle
907 3145 945 3202 de
958 3145 1090 3204 Burman
1104 3139 1183 3206 etde
1196 3145 1334 3216 Barbou,
1350 3165 1442 3207 revue

401 3269 457 3327 par
475 3249 516 3304 les
536 3247 606 3322 plus
627 3243 738 3300 habiles
757 3243 934 3316 ministrs,
951 3265 969 3302 a
988 3265 1067 3322 paru
1087 3247 1194 3306 louche
1215 3259 1244 3305 et
1264 3249 1444 3322 rronqutet

400 3351 557 3421 beaucoup
585 3344 791 3418 d’interpn'rtes
803 3386 813 3413 ,
837 3357 866 3401 et
888 3365 925 3402 cn
948 3347 1121 3422 particulier
1145 3367 1185 3404 au
1208 3359 1442 3406 commentatam

400 3447 552 3514 Famam,
565 3444 638 3521 qui,
654 3461 692 3500 eu
705 3454 830 3500 mettum
843 3463 903 3502 unc
916 3445 1033 3523 singule
1049 3447 1136 3524 apres
1149 3449 1260 3524 inquit,
1273 3466 1292 3503 a
1304 3447 1441 3504 intercuti

400 3549 442 3606 les
454 3546 532 3604 deux
545 3563 612 3602 vers
625 3542 763 3600 suivans:

529 3654 645 3704 Omnibus
655 3670 680 3701 es
690 3652 806 3718 &aptis
811 3689 819 3712 ‚
833 3671 895 3718 quas
904 3655 1013 3706 continet
1021 3657 1113 3706 Albula
1124 3657 1198 3724 n'pr'm

531 3739 612 3797 Salve,
623 3737 785 3806 virgineiflos
795 3737 936 3787 intemerate
943 3741 1062 3805 pudoris!

400 3838 483 3894 Cette
505 3835 601 3912 legere
623 3835 757 3892 addition
778 3855 814 3893 ne
835 3839 894 3893 m'a
913 3842 998 3914 point
1019 3860 1097 3916 paru
1115 3842 1241 3919 ddparcr
1258 3852 1306 3900 cet
1325 3841 1442 3901 endroit

372 3989 375 3996 .
400 3936 526 3997 d'Ovide
539 3955 546 3991 τ
559 3935 589 4010 je
601 3936 649 3992 l’ei
661 3937 786 4013 adoptde
799 3937 872 3997 dans
885 3939 914 3996 la
930 3941 1110 4002 traduction.
