3178 5360
422 645 494 726 342
537 659 620 716 uns
649 627 1085 713 udrauoarflosns
1114 653 1342 730 n’ovrur,

471 803 600 896 Quid?
612 829 691 878 non
705 813 742 875 ct
754 797 932 898 scythicis
944 797 1115 896 Hypanis
1127 797 1176 874 dc
1189 801 1387 876 montibus
1399 811 1526 898 ortus,
1570 769 1571 812 ἒ

422 939 501 1028 Qui
516 937 638 1012 flierat
651 931 791 1028 dulcis,
807 929 948 1006 solibus
958 927 1119 1006 vitiatur
1129 931 1280 1008 amaris

469 1065 829 1144 Fluctibusambitae
842 1061 995 1140 fuerant
1007 1061 1158 1138 Antissa
1172 1061 1411 1168 Pharosque,

420 1199 468 1274 Et
480 1195 676 1275 Phoenissa
685 1194 807 1293 Tyros
823 1223 832 1270 c
847 1217 1013 1292 quarum
1027 1217 1135 1268 nunc
1149 1193 1276 1274 insula
1287 1193 1396 1274 nulla
1410 1206 1484 1270 eat.

419 1321 590 1402 Leucada
604 1321 824 1401 continuam
836 1332 981 1400 veteres
992 1320 1161 1402 habuere
1177 1323 1321 1424 colori3

418 1459 531 1533 Nunc
543 1455 640 1534 treta
654 1453 866 1532 circueunt.
885 1451 1023 1530 Zancle
1035 1477 1190 1558 quoque
1202 1453 1467 1555 junctafuiss·

418 1588 571 1662 Dicitur
584 1583 702 1663 lictis
719 1611 727 1658 :
741 1581 862 1660 donec
878 1581 1043 1660 confinia
1058 1597 1200 1682 pontus

420 1712 589 1790 Abstulit
597 1739 609 1808 3
625 1721 663 1784 et
677 1709 803 1788 medii
819 1711 995 1790 tellurem
1007 1711 1150 1810 repulit
1160 1709 1278 1792 unda.

419 1844 459 1918 si
476 1867 624 1942 quaeras
635 1841 791 1918 Helicen
808 1847 817 1879 ¹
837 1855 875 1917 et
886 1841 1031 1940 Burin,
1048 1841 1234 1920 Achaidas
1247 1844 1383 1941 urbes,

419 1973 597 2049 Invenies
612 1973 684 2048 sub
697 1973 808 2070 aquis
824 1975 840 2048 ε’
849 1984 887 2046 et
900 1970 1026 2050 adhuc
1039 1971 1236 2048 ostendere
1251 1983 1380 2050 nauta

419 2101 603 2178 Inclinato
618 2099 740 2176 solent
752 2125 842 2176 cum
856 2099 1049 2178 moenibus
1065 2099 1203 2201 oppida
1218 2101 1365 2180 mersis.

468 2232 533 2304 Est
545 2225 864 2330 propc'Pitthdam
876 2231 1051 2308 tumulus
1063 2231 1267 2331 Troezena,
1280 2233 1363 2310 sinc
1375 2231 1468 2308 ullis

419 2363 574 2440 Arduus
588 2361 805 2460 arboribus,
825 2363 1018 2462 quondam
1032 2364 1251 2464 planissima
1266 2365 1392 2462 campi

419 2495 536 2592 Area,
551 2493 966 2572 nunctumulusznam
980 2494 1420 2592 (rsshorrendarclatui
1433 2493 1452 2592 )
1521 2585 1526 2596 ι

417 2623 484 2698 Vis
498 2621 577 2698 fera
588 2631 815 2718 ventorum,
834 2623 942 2698 caecis
954 2623 1100 2698 inclusa
1115 2627 1306 2721 cavernis,

415 2753 616 2855 Exspirare
630 2753 758 2852 aliqud
770 2759 942 2853 cupiens,
961 2755 1175 2878 luctataque
1192 2757 1334 2834 [ausui

416 2885 610 2960 Liberiore
626 2881 706 2960 frui
719 2885 836 2984 coelo,
851 2889 940 2964 ciun
954 2913 1099 2962 carcerc
1114 2889 1213 2968 rima

416 3015 528 3090 Nulla
542 3011 640 3090 foret
655 3025 751 3123 toto,
767 3041 837 3090 nec
854 3016 985 3114 pervia
1000 3014 1153 3093 flatibus
1169 3029 1285 3113 esset,

414 3120 617 3216 Extcntam
631 3143 827 3218 tumefecit
843 3145 1010 3224 humum
1030 3174 1038 3219 :
1054 3171 1124 3220 ccu
1136 3147 1294 3244 spiritus
1305 3145 1383 3220 oris

413 3271 585 3348 Tendere
598 3276 760 3352 vesicam
774 3275 885 3374 solet,
903 3289 970 3356 aut
982 3277 1134 3376 derepta
1149 3278 1298 3352 bicorni

413 3399 531 3496 Terga
544 3423 667 3496 capro.
683 3397 829 3476 Tumor
842 3403 905 3478 ille
917 3403 999 3478 loco
1012 3403 1237 3502 permansit3
1251 3413 1288 3478 et
1299 3401 1367 3477 alti

360 3639 363 3644 ,
413 3531 526 3606 Collis
540 3530 655 3608 babet
671 3535 855 3632 speciem,
870 3537 1054 3638 longoque
1067 3537 1245 3614 induruit
1260 3563 1355 3614 aevo.

460 3663 632 3742 Plurima
643 3669 732 3742 cum
749 3670 927 3768 subeant,
945 3671 1073 3748 audita
1085 3683 1151 3748 aut
1164 3671 1310 3772 cognita
1327 3668 1454 3766 vobis,

454 3891 464 3926 ¹
490 3891 589 3953 Helico
601 3907 631 3956 ct
639 3896 728 3972 Buris¹
734 3938 743 3968 ,
753 3896 833 3958 deux
844 3899 926 3958 vilica
935 3901 972 3962 dc
984 3903 1131 3972 l'Acbatc,
1144 3898 1198 3978 qui
1206 3897 1309 3958 iurent
1319 3898 1446 3974 anglon-

413 3989 466 4046 πίοι
479 4007 535 4065 par
545 3991 574 4048 la
583 4009 664 4064 mer,
675 4013 743 4054 vers
755 3995 784 4054 la
801 3993 874 4060 ιη’
887 3999 1069 4077 olympiade,
1082 3997 1207 4059 enaim
1219 3995 1342 4070 37o-aus
1352 4003 1446 4054 avaut

412 4089 482 4148 t‘irc
495 4088 672 4152 cbrtticnne.
