3248 5338
447 553 504 626 ιθ·
565 565 650 622 uns
678 535 1115 628 uirtuonrnoens
1144 557 1368 640 movim,

442 723 554 797 Sacro
567 719 689 794 tulere
702 741 832 814 surm3
846 741 931 814 pam
944 728 1000 792 eet
1014 715 1101 791 datu
1116 730 1248 794 oaetera
1261 721 1416 795 mensis.

442 845 678 930 Discubuere
690 847 783 923 toris
798 873 987 948 proceres,
1003 859 1041 921 et
1056 865 1212 950 corpore
1226 851 1325 926 tout
1467 831 1470 842 ⁵

442 987 563 1062 came
575 980 744 1079 replent:
759 979 929 1076 vinoque
940 979 1069 1054 levant
1080 1007 1264 1081 curaeque
1276 985 1469 1084 sitimque.

441 1113 527 1190 Non
540 1109 625 1184 illos
638 1107 810 1205 cithare,
826 1131 908 1180 non
920 1105 1005 1180 illos
1019 1107 1188 1183 carmine
1199 1137 1356 1206 vocum,
1469 1115 1473 1122 ’

440 1245 614 1340 longave
626 1237 816 1316 multifori
831 1236 989 1312 delectat
1004 1237 1097 1312 tibia
1111 1240 1208 1316 buxi
1224 1249 1255 1340 ¹3

440 1375 513 1452 Sed
525 1387 675 1450 noctem
688 1397 863 1447 somnone
877 1369 1039 1444 trahunt
1053 1397 1062 1444 ε
1077 1371 1278 1471 virtusque
1288 1371 1474 1471 loquendi

435 1507 595 1590 Materia
610 1518 677 1580 est.
692 1505 862 1602 Pugnam
878 1499 1050 1577 referunt
1065 1501 1260 1602 hostisque
1271 1529 1456 1604 suamque
1464 1537 1476 1603 ;

436 1643 558 1740 Inque
570 1641 672 1714 vices
689 1635 790 1710 aditu
805 1645 918 1732 atque
932 1629 1297 1733 exhausta'periculn
1312 1665 1409 1736 saepe

436 1773 740 1847 commemorare
751 1767 860 1861 juvat
871 1791 880 1840 ε
890 1763 985 1862 quid
993 1765 1325 1864 enimlnquemtur
1334 1767 1526 1847 Achilles?

434 1895 615 1996 Autquid
625 1895 725 1994 opud
736 1917 916 1992 magnum
925 1892 1052 1990 potius
1061 1893 1309 1991 loquerentur
1317 1897 1524 1973 Achillem?

484 2028 665 2104 Proxima
675 2023 865 2122 praeoipue
874 2079 884 2121 ‚
900 2021 1064 2120 domito,
1080 2023 1255 2123 victoria,
1271 2027 1417 2126 Cygno,

434 2167 480 2242 ln
498 2185 671 2236 sermone
683 2157 770 2232 fuit.
786 2155 921 2230 visum
937 2151 1109 2228 mirabile
1122 2155 1287 2252 cunctis,

433 2289 546 2380 Quod
563 2286 697 2386 juveni
714 2309 851 2382 eorpus
866 2283 975 2360 nullo
990 2283 1220 2379 penetrabile
1235 2283 1330 2384 telo,

432 2423 703 2518 Invictumque
716 2416 763 2491 ad
778 2416 940 2490 vulnera
956 2426 1053 2510 erat,
1070 2411 1291 2513 ferrumque
1304 2417 1462 2496 terebat.

432 2553 513 2628 Hoc
526 2552 654 2651 ipsum
668 2547 856 2644 AEacides,
871 2545 945 2622 hoc
958 2545 1195 2620 mirabantur
1207 2547 1358 2632 Achivi.
1488 2615 1491 2621 .

431 2687 529 2760 cum
542 2685 596 2758 sic
610 2683 744 2758 Nestor
757 2683 821 2754 uit.
837 2678 971 2752 Vestro
985 2677 1061 2752 fuit
1077 2677 1213 2752 unicus
1226 2705 1309 2754 nevo

431 2813 652 2887 contemtor
667 2808 779 2903 ferri,
795 2805 979 2902 nulloque
991 2803 1158 2882 forabilis
1175 2805 1273 2904 ictu,
1311 2875 1313 2882 ,

432 2945 584 3042 Cygnus
601 2969 609 3014 :
624 2949 663 3011 at
678 2937 757 3034 ipse
771 2935 864 3010 olim
880 2937 1086 3034 patientem
1098 2937 1259 3012 vulnere
1272 2935 1397 3036 mille,

420 3061 599 3168 'corpore
612 3061 691 3140 uon
708 3066 1080 3162 laeso,Perrhaeb1un
1097 3069 1229 3142 Caenoa
1241 3067 1343 3165 vidi;

433 3203 567 3276 Caenea
582 3196 850 3295 Perrhaebum,
865 3199 954 3296 qui,
970 3197 1075 3273 facus
1088 3198 1274 3298 inclytus,
1288 3199 1446 3300 Othryn

432 3332 598 3408 Inuoluit
615 3357 622 3403 :
639 3329 791 3427 quoque
806 3329 846 3403 id
860 3331 1006 3406 mirum
1022 3334 1137 3430 magis
1152 3344 1246 3407 esset
1259 3333 1302 3406 in
1315 3333 1401 3431 illo,

432 3464 461 3540 F
463 3467 604 3538 oemine
617 3471 728 3534 natus
741 3473 833 3535 erut.
848 3461 1011 3536 Monstri
1028 3461 1196 3536 novitate
1212 3475 1408 3560 movetur,

434 3595 616 3693 Quisquis
624 3591 727 3667 adest
738 3621 746 3667 ε
756 3607 971 3693 narretque,
981 3607 1112 3693 rogant
1123 3623 1131 3668 ε
1141 3591 1523 3692 ςυοεὶηῐοτΑοὴίΠεε,

432 3725 524 3826 Dic,
539 3749 621 3824 age,
637 3725 727 3801 nam
740 3727 888 3801 cunctis
902 3728 1031 3802 eadem
1045 3739 1100 3801 est
1115 3725 1248 3800 audire
1261 3726 1458 3816 voluutas,

476 3921 485 3950 ¹
510 3910 767 3979 Multasoromina
779 3909 921 3971 habentis.
940 3915 1014 3968 Hoee
1026 3925 1123 3969 autem
1137 3913 1345 3968 oblectamenta
1363 3911 1467 3969 otioso-

433 4027 495 4066 rum
509 4019 538 4065 et
548 3991 736 4066 delicatorum
748 4021 826 4079 sunt,
838 4010 1024 4085 nonsoru'um
1038 4023 1125 4087 atque
1138 4010 1344 4068 bellicosorum.
