3170 5366
436 525 1482 584 *ΙΙ-μ

727 799 1019 916 LIBER
1059 799 1198 916 XV.

439 1125 471 1204 I.
505 1125 705 1200 Romulum
724 1121 864 1219 exeipit
885 1121 1026 1193 Numa.
1060 1117 1234 1196 Conversi
1254 1123 1277 1196 ἐ
1300 1127 1420 1224 nigris
1441 1129 1483 1198 in

513 1253 621 1326 albos
642 1250 788 1351 globuli
809 1249 953 1347 lapidei
973 1250 1174 1348 Myscelon
1191 1251 1405 1329 absolvunt.

438 1469 723 1614 Qunusnus
735 1507 895 1604 interea,
911 1505 980 1606 qui
993 1518 1107 1584 tantm
1118 1509 1289 1608 pondera
1300 1511 1412 1588 molis

437 1646 647 1738 Sustineat,
662 1647 843 1737 tantoque
858 1647 973 1736 queat
985 1636 1182 1714 succedere
1194 1641 1283 1740 regi.

340 1793 342 1798 '
438 1775 612 1854 Destinat
626 1768 788 1868 imperio
805 1767 949 1842 clarum
964 1769 1186 1866 pnenuncia
1201 1769 1286 1846 veri
1358 1787 1361 1794 ’

435 1909 550 1993 Fame
564 1906 743 1982 Numam.
760 1899 847 1977 Non
863 1900 928 1975 ille
941 1901 1029 1978 satis
1040 1921 1215 2002 eognosse
1230 1901 1377 1982 &bine

437 2023 569 2117 Gentis
580 2037 696 2114 habet
708 2039 805 2112 ritus
822 2033 975 2112 :ntimo
987 2037 1266 2136 mojore'capaci
1304 2050 1307 2062 '
1430 2049 1437 2056 '

437 2167 630 2266 Concipit,
645 2175 683 2238 et
698 2189 785 2264 quae
798 2163 848 2236 sit
860 2187 991 2237 rerum
1004 2173 1141 2236 natura
1151 2165 1326 2262 requirit.

437 2299 564 2394 Hujus
580 2321 687 2372 amor
701 2317 825 2391 eune,
842 2292 965 2391 patriai
978 2293 1218 2393 Curibusque
1233 2295 1374 2370 relictis
1388 2303 1418 2394 ¹,

437 2430 560 2528 Fecit,
579 2441 624 2504 ut
635 2428 811 2503 Herculei
824 2439 1037 2527 penetraret
1052 2427 1099 2502 ad
1115 2429 1277 2529 hospitis
1293 2431 1441 2508 urbem.

438 2565 550 2663 Graja
562 2565 649 2664 quis
660 2563 798 2638 Italicis
811 2575 941 2670 auctor
953 2562 1137 2662 posuisset
1150 2561 1193 2638 in
1208 2563 1286 2638 oris

344 2687 345 2692 ’
437 2693 599 2791 Moenia,
619 2691 825 2792 quaerenti,
842 2691 895 2766 sie
912 2717 932 2767 e
948 2691 1161 2766 senioribus
1176 2717 1281 2766 uuus

438 2814 583 2900 Retulit
596 2823 800 2924 indigenis,
819 2826 957 2900 veteris
969 2849 1050 2899 non
1063 2823 1205 2900 inscius
1221 2823 1308 2900 aevi.

485 2957 602 3032 Dives
614 2958 661 3031 ab
678 2958 827 3033 Oceano
839 2958 965 3032 bubus
977 2957 1073 3032 Jove
1086 2969 1197 3032 natus
1212 2955 1332 3034 Iberis

438 3087 566 3162 Litora
578 3087 678 3161 felici
693 3085 858 3162 tenuisse
871 3085 1025 3162 Lacinia
1040 3111 1156 3160 cursu

342 3273 346 3280 .
437 3217 573 3291 Fertur
590 3244 598 3290 ε
614 3227 670 3314 et,
686 3227 857 3294 armento
869 3229 1015 3294 teneras
1030 3228 1179 3293 errante
1191 3239 1260 3316 per
1270 3213 1424 3313 herbas,

436 3347 520 3444 Ipse
533 3345 691 3422 domum
703 3347 847 3445 magni,
862 3373 933 3424 nee
946 3345 1137 3446 inhospita
1148 3359 1262 3444 tecte,
1280 3345 1452 3422 emtonis

438 3481 617 3578 Inuasse3
633 3489 671 3553 et
685 3479 818 3578 'requie
830 3479 985 3580 longum
997 3480 1179 3558 relevasse
1193 3480 1382 3577 laborem3

477 3697 488 3730 ¹
512 3693 577 3768 Quo
588 3694 767 3754 eommodils
779 3707 808 3752 ee
816 3695 921 3752 librum
932 3697 1005 3756 libm
1017 3709 1047 3754 et
1055 3695 1299 3772 metamptoa'n
1309 3705 1464 3753 metamor·

431 3793 523 3870 ploti
539 3805 696 3874 comungat
703 3801 796 3872 poeta
804 3837 815 3866 ,
831 3815 930 3854 eorum
946 3799 1073 3874 sequitur
1084 3799 1267 3876 opinionem,
1285 3795 1338 3872 qni
1346 3795 1468 3852 mutium

438 3893 567 3950 Numam
580 3893 755 3969 Pompilium
767 3895 799 3952 in
810 3915 949 3980 magnam
961 3897 1105 3966 Groeemm
1116 3898 1217 3972 tome,
1229 3909 1262 3956 at
1270 3893 1467 3973 Pyoagovia's

437 3990 580 4066 dogmao's
591 3991 782 4056 imouereoo.
