3170 5366
460 535 532 614 286
574 549 660 604 nus
688 509 1125 607 uiesuonrnc'sns
1154 545 1390 629 nomon,

459 693 697 776 Flammiferii
708 691 849 793 gemini
860 689 1011 766 fumant
1026 689 1220 790 aspergine
1232 706 1376 791 postes3

458 835 668 930 Pomaque,
687 826 942 926 nequicquam
954 822 1084 921 rigidis
1099 823 1281 922 permissa
1296 825 1467 926 Sabinis,

457 969 576 1054 Fonte
589 964 664 1040 luit
677 970 897 1061 prestructo
909 983 1032 1054 n0v03
1047 955 1144 1036 dum
1156 958 1317 1036 Martius
1329 987 1438 1036 arma

303 1039 307 1048 Ι
365 1123 369 1134 ’
418 1171 424 1183 .
456 1099 638 1180 Induenet
650 1095 770 1174 miles.
787 1095 884 1182 Quae
896 1103 982 1191 post
994 1091 1112 1188 quim
1127 1089 1317 1174 Romulus
1329 1092 1436 1182 ultro

403 1300 408 1309 .
457 1228 629 1324 Obtulit,
648 1239 686 1300 et
698 1237 812 1303 strete
823 1235 879 1300 est
891 1221 1004 1296 tellus
1018 1221 1189 1300 Romana
1200 1222 1352 1300 Sabinis

455 1355 707 1454 Corporibus,
726 1363 839 1428 strata
854 1361 984 1448 estque
996 1349 1094 1448 suis3
1110 1351 1314 1450 generique
1328 1377 1507 1428 cruorem

456 1486 646 1586 Sanguine
659 1507 748 1558 oum
760 1481 879 1558 soceri
895 1479 1118 1578 permiscuit
1129 1481 1278 1586 impius·
1290 1483 1412 1579 ensis3

356 1677 361 1690 .
456 1616 550 1702 Pace
562 1625 688 1686 tamen
704 1607 786 1686 sisti
797 1607 961 1703 bellum,
980 1633 1051 1684 nec
1066 1605 1110 1682 in
1124 1607 1261 1690 ultima
1275 1609 1404 1687 ieme·

456 1743 673 1838 Benenate,
691 1739 828 1837 placet,
843 1735 1074 1838 Tatiumque
1086 1739 1260 1816 accedere
1275 1765 1406 1839 regno.

723 2012 812 2088 XV.
838 2015 992 2090 Romuli
1007 2015 1233 2112 apotheosis.

503 2286 766 2361 eumcum
778 2275 910 2350 Tatius
923 2286 956 2372 ¹,
971 2275 1199 2376 populisque
1213 2285 1360 2372 aequate
1371 2271 1537 2372 duobus,

455 2411 636 2508 Romule,
650 2409 736 2506 jura
747 2405 860 2480 dabas
879 2435 887 2480 :
902 2405 1025 2504 positi
1040 2407 1129 2482 clun
1143 2405 1282 2482 casside
1294 2405 1449 2484 Mavors

451 2543 607 2620 Talibus
619 2539 755 2614 affatur
766 2535 989 2635 Diviimque
1002 2538 1283 2638 hominumque
1295 2549 1504 2638 parentem.

499 2671 667 2769 Tempus
676 2666 779 2742 adest
787 2725 798 2764 ,
814 2666 981 2766 genitor,
995 2671 1178 2768 quoniam
1186 2667 1413 2750 fundanune
1425 2693 1553 2766 magno

450 2802 523 2880 Res
536 2801 706 2876 Romana
717 2798 837 2894 viget,
853 2823 924 2874 nec
935 2800 1095 2898 pmside
1107 2801 1249 2900 pendet
1260 2801 1307 2876 ab
1320 2825 1422 2898 uno,

449 2935 633 3030 Praemic,
643 2956 729 3030 quae
740 2929 925 3028 promissa
938 2931 1039 3009 mihi
1051 2930 1242 3031 dignoque
1258 2931 1410 3032 nepoti,

449 3066 620 3162 Solvere,
636 3075 675 3138 et
687 3061 856 3138 ablatum
869 3063 980 3140 terris
997 3063 1194 3164 imponere
1206 3065 1315 3143 coelo.

492 3297 503 3332 ¹
524 3297 686 3350 Intercepta
696 3289 870 3350 Sabinarum
883 3293 988 3350 bellum
1000 3293 1175 3368 iliudfuiese
1186 3295 1332 3352 sublatum
1343 3294 1438 3351 notius
1445 3305 1491 3351 est

451 3392 541 3471 quiem
560 3403 592 3448 ut
608 3392 645 3448 sit
663 3393 878 3466 eaepcnendum.
896 3395 979 3448 Inter
994 3395 1121 3469 reliquas
1133 3395 1223 3469 pacis
1241 3393 1418 3449 condiciones
1433 3391 1488 3448 hoc

448 3493 537 3550 etiam
543 3489 673 3567 placuit,
687 3499 718 3544 ut
729 3489 829 3545 Tatius
840 3490 900 3546 ιυιὰ
910 3509 975 3547 eum
986 3493 1110 3550 Romulo
1122 3503 1273 3567 regnaret,
1292 3489 1488 3567 oequdpotes·

450 3600 527 3657 tate,
543 3585 721 3663 paribusque
732 3583 897 3646 honeribus.

489 3707 502 3737 ¹
525 3702 625 3758 Tatius
635 3701 761 3778 quinque
771 3721 837 3758 cum
847 3704 969 3761 Romulo
981 3703 1236 3780 imperavitannis.
1247 3701 1489 3778 Fuitinteffectus

449 3823 469 3859 α
474 3803 622 3879 proximis
634 3804 792 3878 legatorum
805 3805 935 3874 Lauinii,
948 3807 1000 3880 qni
1010 3805 1054 3862 ad
1066 3824 1113 3862 res
1128 3807 1301 3882 repetendas
1313 3805 1411 3872 missi,
1428 3821 1487 3858 non

446 3899 609 3958 solim‘sua
624 3919 681 3957 non
696 3901 889 3977 impetrarant
902 3923 922 3960 a
941 3906 1043 3976 Tatio,
1058 3905 1113 3961 scd
1127 3923 1147 3960 a
1162 3903 1276 3964 sanim
1290 3901 1485 3981 quibusdam,

445 3999 531 4057 invito
544 4001 686 4070 Romulo,
700 4001 800 4064 σοηττὰ
806 4003 860 4074 jus
873 4003 1095 4078 etsasfuerant
1100 4005 1259 4082 perempti.
