3178 5350
409 482 477 574 176
520 497 604 552 nus
634 469 1071 568 ubrnnoarnosos
1103 495 1333 576 n’ovrnn,

405 642 491 716 Non
505 665 569 738 ego
582 639 817 738 prodigium,
834 663 912 710 non
927 665 1013 712 sum
1026 638 1243 716 fera'bellua
1252 681 1270 740 ,·
1283 645 1406 739 virg03

406 761 897 864 SumDeus,inquit,aquae
911 795 918 840 :
933 793 1002 840 nec
1011 771 1132 862 majus
1140 771 1180 842 in
1187 775 1498 869 aequoraProteus

405 903 427 974 J
431 926 474 972 us
487 899 616 994 habet,
634 908 700 968 aut
713 895 867 992 Triton,
885 895 1239 974 Athamantiadesve
1255 903 1456 976 Palaemon.

406 1027 506 1104 Ante
520 1040 667 1122 tamen,
683 1025 852 1098 mortalis
868 1052 970 1100 eram
989 1055 997 1101 :
1013 1027 1076 1100 sed
1090 1030 1232 1104 scilicet
1248 1032 1333 1105 altis

406 1155 566 1234 Deditus
580 1131 816 1254 aequoribus,
831 1157 1003 1251 jamtum
1017 1161 1218 1236 exercebor
1231 1162 1275 1235 in
1289 1162 1374 1238 illis.

407 1293 503 1368 Nam
517 1290 630 1366 modo
644 1289 826 1364 ducebam
843 1287 1021 1364 ducentia
1034 1291 1129 1365 retia
1140 1293 1279 1392 pisces,

407 1423 537 1518 Nunc,
553 1422 596 1494 in
606 1391 709 1495 'mole
724 1419 876 1514 sedens,
895 1418 1117 1494 moderabar
1128 1422 1318 1496 arundine
1333 1423 1470 1498 linum.

456 1551 557 1624 Sunt
571 1546 690 1624 viridi
705 1557 812 1646 prato
826 1545 990 1620 confinia
1002 1547 1114 1622 litora
1122 1607 1133 1646 ,
1149 1577 1315 1648 quorum

409 1680 536 1756 Altera
547 1706 633 1779 pars
649 1677 783 1774 undis,
799 1703 884 1776 pars
897 1678 1012 1752 altera
1025 1679 1190 1776 cingitur
1202 1681 1346 1779 herbis,
1461 1665 1467 1670 ¹

410 1811 513 1898 Ques
525 1835 649 1906 neque
662 1808 863 1906 cornigerae
877 1835 1008 1884 morsu
1024 1811 1149 1886 laesere
1163 1816 1353 1913 juvenem,

410 1941 486 2017 Nec
498 1940 653 2040 placidae
667 1941 874 2038 carpsistis,
890 1968 996 2039 oves,
1015 1942 1176 2017 hirtaeve
1190 1947 1351 2044 capellae.

409 2075 496 2151 Non
509 2075 588 2172 apis
598 2073 688 2148 inde
700 2074 790 2147 tulit
804 2073 975 2147 collectos
988 2072 1118 2148 sedule
1130 2073 1241 2150 flores
1258 2082 1289 2174 ¹3

410 2205 496 2282 Non
509 2203 594 2277 data
605 2216 696 2276 sunt
709 2204 822 2300 capiti
835 2199 993 2300 genialia
1006 2214 1120 2298 serta,
1140 2227 1210 2276 neo
1227 2227 1397 2300 unquam

411 2335 439 2410 F
440 2334 762 2442 alciferaesecudre
779 2359 927 2408 manus.
946 2334 1022 2430 Ego
1034 2334 1182 2430 primus
1197 2333 1241 2406 in
1255 2333 1321 2406 illo

412 2469 559 2564 Cespite
572 2467 741 2566 consedi,
761 2469 855 2541 dum
872 2465 950 2538 lina
963 2464 1153 2539 madentia
1168 2465 1277 2540 sicc0.

412 2597 539 2697 thue
552 2625 784 2674 recenserem
801 2597 967 2696 captivos
980 2597 1114 2672 ordine
1130 2597 1267 2695 pisces,

412 2731 572 2826 Insuper
585 2731 762 2827 exposui,
780 2756 874 2826 quos
887 2743 954 2803 aut
966 2730 1009 2802 in
1023 2731 1117 2835 retia
1129 2757 1254 2828 casus,

411 2861 489 2936 Aut
501 2887 568 2934 sua
581 2861 779 2936 credulitas
792 2863 834 2934 in
847 2863 1014 2937 aduncos
1027 2877 1147 2962 egerat
1160 2865 1305 2941 hamos.

413 2987 485 3062 Res
500 2989 633 3064 similis
645 2989 740 3064 fiotae
757 2995 765 3064 l
786 2991 849 3064 sed
864 2994 958 3090 quid
973 2996 1071 3068 mihi
1083 2997 1223 3096 fingere
1238 2999 1415 3096 prodest?

414 3119 594 3190 Gramine
607 3131 792 3217 contacto,
812 3124 927 3220 coepit
939 3152 1021 3198 mee
1038 3128 1164 3224 praeda
1180 3132 1347 3230 moveri,

414 3247 462 3320 Et
478 3257 625 3320 mutare
638 3248 754 3346 latus3
771 3251 963 3350 terralque,
980 3267 1024 3328 ut
1040 3259 1083 3330 in
1100 3283 1250 3355 aequore
1266 3261 1352 3336 niti.

414 3375 594 3472 Dumque
603 3379 743 3474 moror,
754 3379 949 3477 mirorque
955 3385 1082 3480 simul,
1092 3384 1188 3482 fugit
1202 3387 1374 3460 omnisin
1381 3385 1491 3462 undas

414 3505 543 3581 Turba
553 3535 637 3582 suas
649 3539 655 3585 :
667 3499 942 3611 dominumque
952 3519 1284 3618 novum,litusque
1295 3522 1513 3620 relinquunt.

461 3707 470 3736 ¹
497 3705 579 3763 Cotto
595 3707 774 3784 description
791 3711 900 3769 fratche
920 3725 949 3769 et
965 3713 1059 3772 riaute
1072 3714 1144 3788 jette
1160 3717 1315 3793 beaucoup
1336 3719 1449 3798 d’agrc'-

418 3815 499 3862 ment
513 3817 541 3861 et
554 3805 590 3861 de
604 3807 721 3864 cbarme
734 3809 806 3866 dans
820 3831 862 3867 un
874 3811 990 3870 tableau
1003 3814 1074 3871 d'un
1088 3835 1177 3892 genre
1190 3818 1325 3886 somme,
1340 3832 1368 3876 et
1381 3821 1449 3877 dont

417 3903 445 3960 le
457 3903 530 3962 fond
543 3923 559 3960 a
574 3908 701 3982 quelque
716 3909 802 3968 chose
815 3911 965 3990 d'dtrange
980 3927 1008 3972 et
1020 3913 1057 3972 de
1068 3936 1126 3993 peu
1139 3918 1372 3978 sreisomblabte.
