3178 5360
448 575 521 650 400
563 582 648 642 nes
675 549 1116 638 neessonnnesns
1145 569 1381 651 weston,

450 737 646 836 Denique,
663 740 711 804 ut
724 721 908 820 exemplis
920 719 1022 818 ipsos
1037 719 1279 818 equentibus
1290 734 1403 818 utar,

448 871 510 946 Sic
523 881 561 944 et
574 867 759 940 Saturnus
771 857 901 932 minor
913 865 969 928 est
980 853 1088 929 Jove.
1107 853 1285 951 Iuppiter
1297 881 1405 928 arces

447 1001 651 1098 Temperat
661 989 853 1085 sethoitas,
868 998 906 1060 et
918 983 1059 1072 mundi
1071 1011 1183 1082 regne
1193 985 1380 1060 triformis
1387 1018 1401 1083 5

447 1127 568 1203 'Perre
579 1126 653 1200 sub
665 1121 847 1220 Augusto.
863 1117 974 1191 Pater
987 1126 1043 1188 est
1058 1125 1096 1188 et
1111 1125 1234 1190 rector
1246 1127 1428 1214 uterque.

496 1257 570 1356 Di,
585 1280 738 1356 preoor,
753 1251 885 1325 AEneae
897 1249 1069 1345 eomites,
1085 1251 1227 1347 quibus
1240 1252 1341 1324 ensis
1352 1263 1393 1324 et
1405 1250 1502 1348 ignis

448 1393 670 1482 Cessenmt,
681 1381 809 1480 Dique
822 1378 1004 1478 indigetes
1020 1387 1052 1477 ¹,
1068 1381 1307 1479 genitosque,
1320 1381 1505 1478 Quirine,

450 1521 586 1617 Urbis,
602 1529 640 1592 et
652 1515 789 1590 invicti
804 1513 970 1611 genitor,
987 1511 1173 1610 Gradive,
1192 1513 1372 1612 Quirini,

446 1655 634 1749 Vestaque
648 1649 831 1722 Caesneos
847 1645 951 1718 inter
965 1658 1107 1720 sacrate
1119 1645 1296 1744 Penates5

443 1789 495 1865 Et
505 1776 769 1859 eumCaeserezt
779 1789 842 1874 tu,
857 1775 1002 1852 Phoebe
1018 1776 1220 1851 domestiee
1233 1785 1268 1875 ¹,
1286 1777 1423 1878 veste,

446 1917 603 2012 Quique
618 1925 722 1986 tenes
735 1906 833 1980 altus
850 1904 1046 2003 Tmpeies,
1064 1905 1257 2004 luppiter,
1274 1931 1397 2005 arces,

447 2051 630 2144 Quosque
642 2041 734 2116 elios
748 2041 829 2114 vati
843 2037 898 2111 sas
913 2037 1098 2134 appellare
1113 2035 1320 2135 piumque,

446 2177 572 2256 Tarde
587 2178 637 2252 sit
648 2175 713 2248 1111
727 2171 826 2269 dies,
845 2181 882 2242 et
897 2181 1028 2242 nostro
1042 2167 1161 2242 serior
1178 2193 1280 2264 aevo,
1316 2173 1322 2184 ’

446 2311 534 2402 Qut
544 2318 657 2406 eaput
670 2303 882 2402 Augustum
892 2325 1037 2398 ,quem
1049 2311 1248 2396 temperet,
1262 2299 1355 2372 orbe
1367 2297 1517 2394 relicto,

447 2435 607 2517 Aceedat
619 2434 714 2510 eoelo
723 2493 734 2533 ,
753 2429 952 2528 faveatque
965 2429 1206 2528 precantibus
1221 2427 1355 2503 absens
1368 2424 1395 2502 ³.

871 2675 1071 2774 Epilogus.

495 2919 518 3000 J
526 2945 691 3010 senous
704 2945 800 3020 opus
814 2917 940 3016 exegi,
956 2915 1060 3016 quod
1070 2941 1140 2990 nec
1152 2913 1258 2990 Jovis
1271 2915 1349 3012 ira,
1362 2941 1434 2990 nee
1445 2917 1553 3015 ignes,
1569 2871 1576 2895 A

444 3055 521 3130 Nee
532 3053 672 3152 poterit
683 3051 849 3148 ferrum,
864 3073 935 3122 nee
951 3047 1047 3122 edax
1060 3047 1209 3124 abolere
1225 3059 1403 3122 vebistes.

446 3185 545 3262 Cum
557 3183 659 3260 volet
671 3183 736 3256 1111
748 3181 847 3279 dies,
863 3207 950 3278 quae
962 3182 1019 3256 nil
1032 3183 1107 3256 nisi
1120 3181 1288 3294 eorporis
1301 3179 1420 3278 hujus

487 3419 497 3452 ¹
520 3415 569 3473 On
587 3409 714 3488 appeloit
732 3410 822 3468 (lieux
842 3411 986 3490 indigetes
1007 3413 1049 3470 les
1067 3411 1177 3488 grands
1196 3411 1329 3469 hommes
1350 3409 1439 3488 ‘aqui
1455 3414 1482 3469 11

443 3511 539 3590 patrie
562 3509 798 3568 reconnaissente
818 3511 897 3568 avait
917 3509 1041 3568 de'eerne
1062 3511 1103 3568 les
1122 3511 1275 3567 honneurs
1294 3510 1413 3579 divine,
1432 3513 1484 3568 tels

444 3607 595 3687 qn'Enee‚
609 3607 756 3663 Romulus
771 3617 800 3662 et
812 3607 1011 3664 lutee-Cesar.
1414 3595 1417 3600 ’

487 3711 501 3740 ⁸
523 3709 659 3781 Auguste
669 3703 749 3760 avait
761 3707 898 3762 consuere
908 3724 951 3761 un
962 3703 1068 3780 templs
1081 3704 1097 3762 11
1108 3705 1239 3780 Apellen
1248 3703 1323 3760 dans
1332 3705 1483 3760 l'eueeinte

443 3807 481 3865 de
495 3825 549 3865 son
560 3804 662 3880 pelais.
674 3806 715 3862 Le
728 3805 854 3880 superbe
867 3805 1069 3883 bibliotheque
1077 3805 1206 3882 palatine
1222 3805 1293 3860 eteit
1303 3806 1479 3862 ettenantei

443 3923 475 3964 ce
489 3903 606 3977 temple.
1272 3901 1273 3906 ’

483 4000 497 4042 ³
518 4007 556 4061 ln
569 4005 644 4060 eoelo
657 4015 787 4078 receptes
792 4023 806 4076 ,-
819 4015 885 4062 eune
898 4003 974 4060 enim
983 4021 1120 4080 proesens
1121 4003 1252 4082 favebat
1260 4001 1447 4080 supplblbus.
