3178 5350
436 561 519 638 168
568 576 652 634 uas
682 545 1119 630 urirssrourraosrs
1149 567 1371 644 novior,

447 724 522 798 Lac
534 721 633 796 mihi
647 743 795 816 semper
811 717 914 790 adest
928 711 1088 788 niveum
1104 744 1113 788 :
1132 741 1219 812 pars
1232 715 1322 788 inde
1333 711 1496 788 bibenda

352 925 360 937 ‚
451 835 633 930 Servatur
651 884 659 928 :
674 863 819 952 partem
836 847 1037 947 liquefacta
1051 849 1201 946 coagula
1214 847 1365 922 durant.
1429 899 1434 907 -

496 989 574 1064 Nee
586 985 658 1060 tibi
670 985 814 1060 delicias
827 981 974 1077 faciles,
992 980 1216 1078 vidgamque
1229 979 1377 1054 tantum

448 1120 611 1197 Munera
626 1101 863 1212 contingent,
878 1111 1018 1208 damae,
1033 1112 1274 1210 leporesque,
1290 1133 1500 1208 mpraeque,

451 1241 571 1322 Parve
588 1245 869 1339 columbarum,
885 1243 1084 1317 demtusve
1096 1239 1292 1316 cacumine
1305 1239 1436 1334 nidus3

449 1377 589 1452 Inveni
603 1365 792 1472 gemiuos,
808 1371 876 1470 qui
888 1384 1015 1445 tecum
1032 1370 1163 1444 ludere
1174 1369 1320 1468 possint
1335 1375 1364 1466 ¹,

451 1505 558 1578 Inter
571 1529 610 1578 se
622 1503 781 1598 similes,
797 1502 869 1576 vix
884 1513 929 1574 ut
942 1499 1157 1598 dignoscere
1169 1501 1308 1598 possis,

451 1634 603 1708 Villosse
616 1633 757 1708 catulos
770 1635 813 1706 111
828 1632 987 1706 summis
1000 1631 1195 1706 montibus
1208 1655 1319 1704 ursae.

451 1763 591 1838 Inveni
608 1791 615 1836 :
630 1774 667 1836 01
679 1761 780 1858 dixi,
796 1763 972 1836 Dominae
985 1757 1220 1834 servabimus
1235 1758 1338 1832 istos.

501 1895 585 1970 lam
598 1893 711 1968 ¹modi>
726 1893 886 1968 caeruleo
904 1892 1073 1967 nitidum
1089 1903 1203 1990 caput
1219 1916 1348 1966 exsere
1363 1899 1489 1987 ponto,

453 2025 554 2118 lam,
571 2022 738 2116 Galatia,
754 2026 863 2117 veni3
882 2047 952 2096 nec
965 2047 1126 2096 munera
1140 2019 1289 2119 despice
1304 2031 1441 2094 nostra.

455 2152 562 2226 certe
576 2158 642 2249 'ego
652 2176 714 2224 me
727 2149 838 2246 novi,
856 2149 1088 2248 liquidaeque
1101 2149 1145 2223 in
1157 2148 1319 2247 imagine
1331 2147 1414 2223 vidi

455 2283 587 2378 Nuper
602 2289 729 2380 aquae,
748 2280 964 2378 placuitque
976 2281 1075 2354 mihi
1088 2308 1172 2358 mea
1186 2280 1307 2356 forma
1318 2278 1473 2354 videnti.

456 2409 610 2508 Aspice,
630 2409 702 2484 sim
716 2420 901 2506 quantus:
910 2409 996 2484 Nou
1010 2423 1065 2483 est
1077 2409 1149 2484 hoe
1166 2435 1322 2508 corpore
1335 2411 1450 2506 major

365 2592 368 2598 ι
458 2541 480 2614 J
482 2542 638 2638 uppiter
649 2540 689 2612 in
705 2541 800 2614 eoelo
818 2569 825 2613 :
841 2565 930 2613 nam
943 2566 1011 2614 vos
1025 2529 1177 2615 narrare
1190 2541 1317 2614 soletis

458 2667 591 2772 Nepcio
604 2679 719 2766 quem
732 2692 885 2764 regnare
897 2668 1044 2742 Jovem.
1061 2669 1175 2744 Coma
1187 2669 1354 2767 plurima
1367 2681 1482 2744 torvos

459 2794 654 2868 Prominet
668 2795 710 2867 in
724 2797 872 2890 vultus,
883 2793 1154 2893 humerosque,
1164 2807 1210 2868 ut
1220 2796 1345 2893 lucus,
1361 2797 1545 2870 obumbrat.

458 2931 493 3003 N
494 2955 534 3002 ec
548 2929 647 3009 mihi
661 2927 762 3025 quod
777 2925 905 3025 rigidis
919 2927 1078 3002 horrent
1089 2929 1308 3004 densissima
1320 2930 1404 3006 setis
1418 2941 1430 2967 ⁸

459 3063 640 3159 Corpora,
656 3071 768 3156 turpe
781 3073 872 3157 puta
890 3089 897 3134 :
913 3061 1036 3160 turpis
1049 3064 1131 3136 sine
1144 3063 1343 3138 frondibus
1357 3067 1472 3160 arbos,

456 3191 597 3291 Turpis
610 3217 748 3289 equus,
764 3193 839 3266 nisi
853 3194 947 3268 colla
958 3197 1058 3292 jubae
1071 3196 1249 3270 flaventia
1261 3196 1398 3270 velent.

455 3321 590 3396 Pluma
603 3321 692 3418 tegit
706 3323 877 3396 volueres
895 3351 902 3397 :
919 3307 1056 3398 ovibus
1070 3351 1138 3398 sua
1149 3323 1373 3398 lana'decori
1386 3337 1450 3422 est,

456 3453 577 3530 Barba
590 3453 710 3552 viros,
726 3453 912 3552 hirtaeque
926 3453 1060 3528 decent
1074 3455 1116 3527 111
1133 3479 1289 3552 corpore
1302 3465 1398 3526 setae.

472 3723 477 3732 ,
503 3670 513 3699 ¹
544 3671 618 3726 Hoec
638 3681 706 3726 sunl
722 3669 775 3725 illa
796 3688 917 3726 munera
937 3688 1005 3744 φια-
1027 3689 1085 3726 non
1105 3689 1166 3727 esse
1185 3671 1321 3744 vulgaria
1340 3670 1382 3726 ait
1396 3669 1476 3743 Poly-

449 3763 586 3840 plemus.

501 3883 515 3914 ⁸
539 3880 654 3957 Colligit
667 3884 764 3940 multis
779 3883 1011 3939 similitudinibus
1025 3881 1220 3958 Polyphemus
1239 3881 1360 3959 Cyclops
1374 3883 1442 3958 pilos
1453 3891 1476 3936 et

457 3977 638 4052 setaspotizis
650 3981 706 4036 sibi
717 3981 817 4038 decori
825 3979 915 4064 quiem
928 3981 1064 4038 dedecori
1075 3999 1145 4040 esse.
