3248 5338
344 607 350 620 ’
446 628 493 709 42
563 651 647 709 eas
677 622 1114 705 niranoerflosns
1144 645 1369 728 novior,

682 877 755 954 xl.
789 877 963 975 ostam
979 873 1248 950 ernanum.
1343 906 1350 940 .

493 1121 527 1195 N
532 1143 584 1195 eo
597 1132 634 1194 to
646 1129 877 1220 pugnantem
890 1130 970 1214 tua,
988 1116 1151 1215 Cyllene,
1166 1113 1287 1192 forma
1301 1117 1462 1194 redemit
1475 1127 1483 1157 ¹
1496 1152 1509 1219 3

447 1253 489 1328 Si
506 1253 621 1330 modo
635 1266 781 1328 naturae
797 1251 959 1327 formam
976 1253 1217 1328 concedimus
1233 1252 1304 1328 illi.

446 1381 568 1458 Barba
584 1397 663 1458 erat
678 1384 864 1483 incipiens
882 1412 890 1458 ε
905 1383 1032 1456 barber
1047 1382 1150 1456 color
1162 1405 1299 1458 aureus
1316 1411 1324 1457 :
1339 1379 1536 1484 aureaque

446 1513 506 1588 Ex
518 1515 692 1590 humeris
705 1515 848 1590 medios
862 1539 968 1587 ooma
980 1511 1227 1586 descendebat
1241 1513 1283 1586 in
1296 1540 1420 1588 armos
1433 1526 1460 1588 ¹.

447 1646 585 1720 Gratus
598 1647 642 1721 in
655 1675 720 1722 ore
733 1649 860 1746 vigor:
873 1646 1023 1742 cervix,
1038 1643 1286 1742 humerique,
1300 1671 1533 1746 manusque,

447 1775 677 1876 Pectoraque
689 1777 879 1852 artificum
895 1775 1055 1850 laudatis
1072 1773 1248 1873 proxima
1263 1772 1377 1870 signis
1386 1803 1398 1870 3

450 1911 499 1986 Et
512 1912 588 2010 quai
600 1925 707 2010 parte
719 1913 797 1987 viri
813 1925 868 1986 est
884 1941 892 1986 :
908 1937 979 1986 neo
992 1910 1083 2007 equi
1095 1907 1274 1983 mendosa
1287 1908 1359 1982 sub
1371 1907 1437 1982 illa

447 2039 699 2138 Deteriorque
712 2040 798 2114 viro
812 2039 934 2114 facies.
950 2040 1009 2115 Da
1022 2038 1133 2134 colla,
1149 2049 1357 2148 caputque3

449 2174 600 2246 Castore
613 2169 750 2268 dignus
765 2170 849 2244 erit.
866 2171 927 2243 Sic
939 2181 1088 2267 tergum
1100 2161 1245 2264 sessile,
1260 2167 1313 2242 sio
1326 2177 1427 2240 stent

448 2301 603 2374 Pectora
616 2299 711 2374 celsa
723 2295 816 2374 t'oris
834 2311 961 2374 :totus
978 2299 1061 2397 pice
1075 2297 1220 2396 nigrior
1232 2295 1336 2397 atrii„

449 2432 618 2509 Candida
625 2433 742 2507 cauda
749 2445 876 2507 tamen
888 2461 895 2506 :
906 2431 1008 2506 color
1015 2442 1229 2528 estquoque
1237 2425 1543 2502 eruribusalbos.

341 2631 344 2638 ,
405 2635 410 2652 ,
497 2561 630 2636 Multae
644 2561 757 2638 illum
773 2561 916 2660 petiere
932 2559 1000 2634 susi
1016 2558 1064 2633 de
1079 2569 1207 2658 gente3
1223 2556 1288 2632 sed
1306 2583 1383 2630 una

447 2694 618 2770 Abstulit
633 2693 847 2794 Hylonome
867 2725 874 2769 :
891 2693 968 2792 qua
982 2692 1090 2768 nulla
1105 2691 1289 2766 nitentior
1305 2690 1407 2766 inter
1488 2687 1490 2694 ’

451 2829 651 2904 Semiferos
668 2829 753 2902 altis
768 2828 956 2903 habitavit
975 2827 1133 2904 foemina
1150 2825 1268 2900 silvis.

451 2959 542 3032 Haeo
555 2970 593 3032 et
607 2956 820 3080 blanditiis,
838 2972 875 3068 et
890 2959 1072 3058 amando,
1088 2972 1125 3034 et
1136 2984 1261 3033 amare
1273 2955 1446 3054 fatendo,

495 3157 504 3186 ¹
527 3157 579 3212 Cet
590 3153 798 3230 episodeplein
809 3155 946 3214 d‘inttrtt
957 3157 1033 3216 etde
1046 3157 1181 3226 chame,
1191 3155 1264 3230 jette
1275 3172 1335 3216 noe
1345 3155 1493 3218 haerenae

451 3251 563 3308 rariori·
573 3253 647 3310 dans
656 3253 683 3309 le
694 3253 777 3323 tecit,
787 3265 816 3310 et
826 3275 931 3332 reposo
942 3255 1177 3314 delicieusement
1186 3254 1298 3330 l’esprit
1306 3252 1357 3312 des
1367 3253 1496 3316 lecteurs
1594 3298 1598 3307 .

453 3369 506 3408 sur
518 3349 569 3406 des
582 3349 691 3427 images
703 3352 867 3428 gracieoses
877 3364 906 3409 et
918 3372 971 3412 sur
982 3372 1042 3410 une
1054 3351 1195 3409 situation
1208 3352 1378 3408 touchante.

495 3451 507 3479 ¹
520 3445 640 3517 Quanto
646 3461 721 3504 esset
723 3449 941 3524 pulchritudine
949 3450 1084 3524 Cyllarus
1090 3462 1242 3506 centaurus
1251 3451 1491 3525 eleganterpoita

454 3543 594 3603 describit.
611 3544 743 3620 Cyllarus
756 3561 853 3606 autem
867 3562 911 3606 est
920 3567 1026 3606 nomen
1037 3549 1106 3626 equi
1114 3547 1134 3603 ὰ
1146 3547 1266 3608 Castore
1276 3547 1388 3606 domiti.

838 3692 949 3742 nomem
959 3689 1060 3742 &sore
1070 3689 1170 3742 nene
1262 3719 1266 3735 .

598 3769 712 3830 erlarm.

790 3855 941 3915 Vineam,
953 3853 1085 3920 Georgicon
1096 3852 1157 3903 lom
1167 3853 1243 3906 tertio.

454 3979 619 4049 Hylonome
635 3983 747 4054 sylvam
765 3986 926 4064 depascens
939 3987 1122 4065 inteqrretarr'
1131 3997 1251 4064 potest,
1262 3981 1354 4056 juxt&
1368 3985 1495 4042 nominis

454 4075 545 4150 groeca'
557 4081 773 4155 “ymlveiana
