3216 5344
446 587 516 666 124
559 604 644 663 uus
674 557 1110 684 udrauoaruosus
1138 595 1369 678 monton,

444 749 615 826 Perdidrt
630 743 768 826 infelix
777 745 967 844 hominis,
982 757 1067 844 post
1082 750 1229 844 omnia,
1248 747 1433 846 formam,

443 883 703 986 Externasque
720 907 823 958 novo
839 873 977 958 latratu
993 879 1131 954 terruit
1146 905 1268 955 auras.

328 1085 331 1094 Δ
491 1013 642 1116 Longus
654 1012 697 1090 in
710 1017 914 1112 angustum
931 1012 1007 1110 qua
1021 1011 1212 1086 clauditur
1227 1012 1513 1114 Hellespontus,

441 1145 541 1222 lliou
555 1144 727 1244 ardebat3
742 1171 868 1243 neque
883 1141 1009 1216 adhuc
1023 1141 1240 1215 consederat
1253 1142 1366 1240 ignis3

441 1278 711 1377 Exiguumque
723 1277 822 1354 senis
834 1273 976 1350 Priami
989 1275 1011 1348 J
1012 1273 1095 1347 ovis
1111 1297 1175 1346 ara
1191 1297 1366 1347 cruorem
1381 1279 1395 1334 ¹·

442 1409 681 1484 Combiberat
701 1436 711 1481 τ
726 1417 879 1482 tractata
894 1401 1011 1478 comis
1027 1399 1193 1507 antistita
1205 1399 1343 1474 Pltoebi

440 1539 526 1616 Non
540 1537 770 1637 profecturas
782 1535 957 1610 tendebat
972 1531 1019 1607 ad.
1033 1531 1173 1606 aethera
1187 1531 1347 1628 palmas..

439 1667 672 1746 Dardanidas
687 1682 841 1766 matres,
856 1668 1070 1766 patriorum
1082 1665 1185 1762 signa
1197 1667 1384 1759 Deorum,

438 1801 544 1876 Dum
560 1801 664 1898 licet,
679 1799 891 1898 amplexas,
909 1821 1162 1892 succensaque
1174 1793 1316 1892 templa
1327 1803 1520 1891 tenentes,
1595 1793 1596 1846 l

438 1930 634 2006 Invidiosa
649 1929 809 2004 trahunt
823 1929 983 2004 victores
999 1925 1155 2024 praemia
1170 1917 1290 2018 Graji,

438 2055 606 2132 Mittitur
618 2055 811 2154 Astyanax
823 2054 898 2128 illis
911 2054 958 2128 de
973 2051 1164 2149 turribus,
1180 2049 1284 2124 unde
1386 2123 1394 2134 ,

438 2189 672 2288 Pugnantem
684 2213 754 2287 pro
768 2198 824 2286 se,
842 2187 1091 2285 proavitaque
1102 2209 1216 2281 regna
1228 2194 1417 2278 tuentem,

438 2318 544 2417 Saepe
556 2317 686 2392 videre
699 2331 842 2416 petrem
851 2377 862 2415 ,
877 2329 1130 2391 monstratum
1142 2343 1164 2390 a
1177 2328 1315 2412 matre,
1331 2315 1480 2390 solebat.
1595 2379 1596 2386 ,

487 2451 646 2548 Jamque
661 2449 763 2524 viam
781 2448 913 2523 suadet
926 2449 1082 2546 Boreas,
1096 2448 1265 2546 flatuque
1279 2445 1442 2520 secundo

443 2579 602 2654 Carbasa
618 2591 722 2654 mota
739 2591 875 2653 sonant
891 2607 899 2651 :
917 2579 1024 2676 jubet
1039 2577 1099 2651 uti
1115 2577 1246 2651 navita
1260 2577 1397 2650 ventis.
1431 2557 1438 2568 ¹

292 2705 294 2712 Α
405 2813 410 2822 Δ
439 2708 667 2806 Troja,vale
684 2739 692 2784 :
708 2709 898 2808 rapimur,
914 2709 1095 2807 clamant,
1109 2705 1556 2805 dantqueosculaterrae,

439 2834 622 2932 Troades,
639 2845 676 2909 et
688 2835 820 2932 patriae
837 2833 1023 2908 fumantia
1039 2845 1135 2908 tecta
1147 2834 1386 2933 relinquunt.

439 2961 583 3034 Ultima
596 2959 815 3037 conscendit
830 2959 999 3059 classem,
1020 2959 1252 3059 (miserabile
1267 2961 1355 3035 visu
1368 2961 1403 3058 Ι)

439 3095 486 3169 In
499 3095 634 3170 mediis
648 3097 800 3171 llecube
815 3109 1001 3172 natorum·
1009 3099 1168 3171 inventa
1179 3096 1372 3196 sepulcris.

438 3225 683 3300 Prensantem
699 3228 888 3325 tumulos,
907 3239 1020 3326 atque
1033 3229 1178 3304 ossibus
1192 3229 1318 3303 oscula
1331 3227 1484 3302 dautem
1595 3221 1596 3258 ³

439 3352 629 3428 Dulichiae
642 3355 789 3429 traxere
802 3379 938 3430 manus
955 3384 963 3430 :
982 3369 1109 3432 tamen
1123 3355 1240 3432 unius
1253 3355 1382 3431 hausit
1394 3362 1425 3454 ⁸,

437 3487 559 3584 Inque
575 3487 664 3560 sinu
680 3487 823 3563 cineres
837 3513 964 3565 sectam
981 3491 1071 3566 tulit
1083 3491 1253 3566 Hectoris
1266 3490 1431 3566 haustos.

355 3775 357 3781 s
484 3719 491 3747 ¹
514 3714 611 3770 Priam
624 3714 671 3772 lut
685 3718 794 3794 egorge'
806 3736 867 3776 aux
878 3717 941 3794 pits
953 3717 990 3776 de
1005 3720 1107 3778 l'autel
1118 3719 1155 3780 de
1168 3719 1300 3798 Jupiter,
1314 3717 1386 3795 qu’il
1397 3717 1477 3776 aruit

440 3811 564 3888 regards
579 3831 691 3870 comme
706 3835 749 3872 uu
764 3817 844 3892 asyle
859 3829 962 3875 contre
977 3819 1005 3876 la
1021 3819 1128 3877 furem
1142 3817 1179 3876 de
1193 3818 1396 3894 Neoptolemo.

484 3927 497 3957 ¹
520 3923 696 4000 Expression
711 3929 806 3999 forte,
823 3931 876 4007 qui
893 3931 1006 4010 signifie
1019 3933 1191 4012 qu’ltteube
1209 3931 1289 3992 uicit
1301 3943 1331 3991 et
1346 3940 1478 4007 emporte

442 4023 943 4098 slahttalesceudresdesoufils.
1039 4093 1045 4102 ,
