3216 5344
416 559 465 660 96
530 571 615 630 uns
645 541 1080 626 uirsuonrsosss
1111 563 1342 640 morsus,

465 705 1150 809 Huicmodoneprosit¹,quod,utest,
1159 707 1540 784 hebesessevidetur.

415 847 520 925 Neve
532 843 631 920 mihi
644 852 794 935 nooect3
810 838 914 936 quod
931 837 1042 912 vobis
1058 863 1225 934 semper,
1242 837 1403 937 Achivi,

415 951 566 1052 Proluit
577 974 774 1074 ingenium
785 1001 794 1046 ε
806 995 964 1068 meaque
977 969 1059 1044 haec
1071 963 1266 1070 facundia,
1281 971 1313 1045 si
1325 999 1401 1071 qua
1414 985 1470 1047 est
1483 980 1519 1070 ¹,

417 1108 513 1198 Ques
526 1133 632 1182 nunc
644 1089 715 1206 pro
730 1105 904 1203 domino,
920 1130 990 1203 pro
1002 1104 1112 1180 vobis
1125 1131 1221 1204 saepe
1233 1105 1359 1180 locutu
1371 1119 1424 1182 est
1431 1163 1444 1204 ,

417 1242 569 1320 Invidid
580 1251 701 1314 curent
715 1267 724 1313 ε
739 1240 840 1313 bone
853 1263 923 1313 nec
936 1263 1003 1313 sus
1017 1238 1180 1336 quisque
1192 1251 1350 1314 recuset.
1374 1325 1377 1332 .

415 1371 512 1450 Nam
527 1395 663 1470 genus,
681 1379 718 1442 et
731 1393 911 1476 proavos,
929 1380 966 1442 et
978 1395 1064 1466 qum
1077 1395 1157 1443 non
1169 1368 1329 1444 fecimus
1343 1369 1434 1468 ipsi,

415 1504 495 1580 vix
507 1529 550 1579 es
562 1513 691 1576 nostra
701 1527 810 1577 voco.
830 1499 901 1576 Sed
917 1503 1040 1600 enim,
1056 1502 1147 1602 quia
1158 1501 1291 1578 retulit
1302 1501 1400 1598 Ajax

415 1641 504 1716 Esse
517 1641 623 1716 lovis
638 1665 844 1739 pronepos,
860 1639 981 1714 nostri
995 1665 1149 1737 quoque
1162 1641 1354 1738 sanguinis
1367 1650 1500 1714 auctor

414 1773 590 1872 luppiter
604 1783 659 1846 est
668 1803 679 1868 3
695 1769 931 1868 totidemque
947 1771 1082 1867 gradus
1095 1770 1278 1844 distamus
1290 1770 1337 1844 ab
1350 1769 1428 1846 illo.

415 1901 512 1976 Nem
524 1899 622 1972 mihi
636 1900 785 1972 luentes
798 1909 905 1994 paler
917 1910 990 1990 est,
1005 1897 1180 1970 Arcesius
1197 1897 1274 1994 illi,

413 2031 437 2104 J
439 2027 688 2132 uppiterhsric
698 2057 706 2102 :
716 2053 803 2126 neq3
813 2029 922 2101 iuhis
929 2027 1403 2126 quisqusmdamnstus³et
1409 2031 1535 2108 exsul.

414 2163 481 2238 Est
496 2185 649 2260 quoque
662 2185 730 2259 per
743 2173 902 2235 manem
918 2161 1112 2260 Cyllenius
1125 2161 1252 2238 addite
1265 2163 1376 2240 nobis

415 2292 543 2370 Altera
553 2291 729 2366 nobilitas
746 2321 754 2367 :
773 2293 876 2366 Deus
890 2293 1000 2367 estin
1013 2305 1178 2392 utroque
1190 2307 1359 2392 parente.

462 2424 535 2500 Sed
549 2449 675 2522 neque
687 2437 859 2500 materno
875 2425 977 2524 quod
995 2454 1081 2502 sum
1094 2431 1307 2531 generosior
1318 2443 1426 2530 ortu,

413 2554 491 2632 Nec
507 2553 626 2652 mihi,
643 2555 746 2652 quod
760 2565 867 2651 pater
880 2567 935 2629 est
947 2555 1105 2634 fraterni
1121 2561 1313 2658 sanguinis
1327 2563 1474 2664 insons,

413 2689 608 2787 Proposita
620 2716 724 2766 arma
740 2704 826 2789 peto
844 2720 852 2764 :
871 2694 1017 2767 meritis
1030 2683 1231 2794 expendite
1247 2723 1408 2774 causam.

411 2823 631 2900 Dummodo
643 2825 745 2923 quod
760 2825 893 2904 fratres
905 2827 1087 2905 Telamon
1096 2833 1303 2934 Peleusque
1315 2835 1487 2934 fuerunt,

413 2951 534 3048 Ajucis
550 2951 732 3028 meritum
746 2979 825 3028 non
841 2956 890 3030 sit
906 2986 914 3030 :
931 2984 1000 3032 nec
1013 2961 1204 3058 sanguinis
1217 2963 1332 3064 onio,

456 3166 467 3198 ¹
490 3160 567 3238 Ajsx
578 3164 646 3222 s’est
655 3169 745 3222 vante
755 3165 792 3224 de
801 3185 839 3226 ue
849 3169 949 3227 sevoir
958 3189 1012 3246 pes
1021 3171 1179 3232 discourir.
1189 3175 1304 3252 Ulysse,
1313 3195 1351 3233 en
1360 3177 1447 3238 refu-

410 3273 476 3321 tsut
496 3281 550 3321 son
564 3261 752 3336 adversum,
773 3267 799 3324 le
815 3268 889 3326 rend
910 3271 1085 3346 mdprissble
1102 3293 1158 3348 pur
1176 3275 1203 3332 le
1224 3277 1333 3352 mepris
1352 3278 1447 3334 meme

410 3361 484 3439 qu’il
492 3359 595 3420 effecte
605 3367 684 3439 pour
692 3363 744 3422 des
754 3367 847 3425 telem
856 3369 929 3444 qu’il
939 3372 987 3428 n'a
995 3390 1058 3446 pas.
1071 3376 1120 3432 Au
1129 3377 1260 3450 surplus‚
1271 3377 1334 3433 rien
1344 3377 1446 3435 n'etsit

410 3461 436 3518 si
445 3461 561 3520 difficile
573 3464 591 3520 d
601 3463 732 3524 truduire
743 3486 802 3544 que
815 3487 848 3525 ce
859 3487 943 3540 vers,
955 3473 1008 3550 qui
1019 3473 1110 3549 peche
1121 3481 1223 3533 contre
1234 3477 1405 3556 l'dlegrncs,
1416 3491 1446 3536 et

409 3573 551 3621 sur-tout
563 3577 667 3624 contre
679 3567 863 3627 l’lurmonie.

451 3663 466 3696 ¹
486 3663 535 3718 B:
547 3677 611 3722 ene
622 3685 708 3724 suam
720 3672 913 3746 eloquentiam
928 3687 1067 3744 extenuas
1081 3679 1206 3754 Ulysses.

451 3755 465 3796 ³
485 3761 590 3837 Ulysse
602 3765 655 3823 luit
670 3789 730 3826 une
745 3771 872 3829 allusion
886 3773 1047 3848 injurieuse
1060 3780 1078 3836 d
1091 3779 1166 3837 l'exil
1178 3783 1288 3858 auquel
1302 3786 1384 3842 Peles
1396 3783 1445 3844 fut

410 3857 573 3918 condemno
593 3881 706 3924 comme
724 3871 882 3929 mcurtrisr
898 3873 934 3931 de
955 3877 1070 3936 Phocus
1091 3899 1145 3937 son
1165 3883 1263 3954 frere,
1282 3898 1310 3942 st
1327 3887 1443 3945 luisses

409 3959 551 4020 entendre
562 3939 773 4040 que‘lesmon
782 4014 791 4043 ‚
801 3975 871 4048 pere
882 3975 1005 4056 ddja,
1017 3981 1062 4040 sut
1074 3985 1214 4062 complice
1225 3987 1262 4044 ds
1275 4007 1307 4047 ce
1320 3991 1418 4050 crime.
