3216 5344
341 675 344 680 ·
439 655 490 732 90
558 619 1366 721 nusuirnnouruosnso’ovmn,

442 790 614 890 Opposui
626 790 765 864 molem
777 787 916 887 clypei,
933 786 1088 885 texique
1103 789 1306 887 jacentem,

439 923 864 1021 Servaviqueanimam,
880 920 1087 996 minimum
1095 920 1372 1019 esthiclaudis,
1388 923 1566 996 inertem.

489 1047 529 1124 Si
545 1061 685 1147 perstas
700 1061 861 1146 certare,
880 1049 1006 1122 locum
1020 1045 1222 1154 redeamus
1238 1049 1282 1124 iii
1298 1051 1431 1146 illum3

440 1183 569 1259 Redde
574 1183 739 1282 hostem,
753 1184 972 1282 vulnusque
977 1196 1108 1279 tuum
1120 1185 1352 1281 solitumque
1362 1185 1542 1258 timorem
1549 1214 1562 1280 3

439 1314 528 1388 Post
538 1314 788 1413 clypeumque
799 1313 871 1386 late
885 1319 916 1408 ¹,
933 1323 971 1384 et
983 1335 1133 1389 mecum
1146 1309 1331 1384 contende
1343 1311 1416 1383 sub
1433 1311 1514 1385 illo.

488 1441 539 1516 At
550 1455 635 1540 post
646 1443 761 1540 quom
775 1439 920 1538 eripui3
937 1440 1002 1513 cui
1014 1439 1139 1515 standi
1156 1441 1319 1513 vulnera
1333 1438 1439 1513 vires

438 1575 525 1650 Non
538 1573 735 1670 dederant,
750 1573 858 1645 nullo
867 1571 1035 1646 tardatus
1048 1571 1209 1645 vulnere
1223 1569 1334 1668 fugit.

438 1703 577 1778 Hector
589 1702 708 1798 adest,
724 1727 928 1798 secumque
939 1703 1039 1776 Deos
1056 1703 1096 1774 in
1114 1701 1244 1800 praelio
1259 1698 1380 1773 ducit.

439 1834 600 1931 Qutque
612 1831 713 1929 ruit,
728 1859 808 1905 non
819 1845 864 1906 tu
877 1834 1030 1906 tontum
1047 1832 1220 1928 terreris,
1237 1830 1391 1928 Ulysse;

440 1967 511 2040 Sed
526 1966 638 2040 fortes
655 1967 767 2040 etiam
786 1967 959 2040 :tantum
971 1965 1091 2040 trahit
1103 1965 1167 2038 ille
1180 1962 1352 2036 timoris!

438 2097 553 2172 Hunc
563 2123 645 2197 ego,
664 2091 877 2198 sanguineae
890 2121 1062 2170 successu
1079 2095 1191 2170 caedis
1204 2103 1401 2186 ovantem,

432 2227 620 2303 ¹Cominus
637 2231 780 2329 ingenti
792 2230 1018 2328 resupinum
1032 2227 1201 2327 pondere
1217 2225 1316 2300 fudi.

486 2357 602 2430 Hunc
615 2383 680 2456 ego
691 2371 927 2457 poscentem,
947 2382 1036 2431 cum
1050 2381 1127 2453 quo
1143 2363 1409 2447 concurreret,
1427 2375 1533 2425 unus

439 2483 613 2558 Sustinui
631 2515 639 2561 :
658 2499 873 2585 sortemque
886 2511 1009 2560 meam
1023 2485 1205 2582 vovistis,
1220 2482 1362 2559 Achivi
1375 2493 1388 2523 ⁸
1397 2511 1408 2576 3

437 2615 486 2688 Et
497 2629 632 2690 vestnc
646 2617 798 2693 valuere
812 2641 951 2714 preces.
972 2619 1012 2694 Si
1025 2615 1195 2715 quaeritis
1208 2615 1326 2712 hujus

437 2741 644 2816 Fortunam
657 2767 813 2839 pugnae3
832 2765 912 2812 non
925 2762 1013 2811 sum
1028 2751 1229 2835 superatus
1241 2740 1383 2814 abillo.

359 2881 362 2888 ’
488 2871 581 2943 Ecce
595 2868 725 2942 ferunt
740 2868 857 2942 Troes
873 2867 1116 2966 ferrumque,
1133 2868 1337 2967 ignemque
1350 2871 1571 2967 iovemque

428 2999 486 3072 ·ln
499 3001 643 3074 Danaos
656 2999 785 3072 classes
803 3027 811 3073 ε
828 2999 896 3072 ubi
912 3023 1020 3072 nunc
1035 2997 1222 3074 socundus
1239 2999 1415 3098 Ulysscs?

438 3130 581 3228 Nempe
598 3155 664 3229 ego
675 3132 782 3206 inille
798 3157 884 3204 meo
900 3130 1052 3229 protexi
1066 3143 1215 3229 pectore
1231 3155 1397 3228 puppes,

440 3264 551 3360 Spem
567 3266 684 3340 vestri
698 3265 854 3339 rodinis.
874 3267 968 3339 Date
981 3277 1038 3339 tot
1051 3291 1122 3362 pro
1140 3265 1305 3339 novibus
1320 3291 1437 3342 cruta.

442 3389 554 3478 Quod
568 3393 600 3464 si
613 3417 703 3466 vera
714 3393 802 3465 licet
814 3392 914 3466 mihi
930 3393 1074 3490 dicere3
1093 3393 1281 3492 quaeritur
1297 3393 1400 3492 istis,

484 3577 492 3606 ¹
515 3572 557 3629 lci
567 3573 747 3650 l'tloquence
760 3573 866 3649 d'Ajax
879 3585 989 3633 atterre
1002 3593 1057 3632 son
1070 3575 1248 3634 adverssire.
1262 3575 1312 3632 On
1323 3594 1361 3632 ne
1373 3585 1484 3640 trocve

440 3669 504 3730 rien
516 3671 552 3729 de
563 3674 631 3749 plus
644 3673 769 3732 sublime
782 3674 856 3732 dnus
869 3675 1068 3734 Demosthene
1080 3695 1123 3734 on
1135 3675 1210 3734 dans
1222 3674 1361 3732 Homero.

482 3773 496 3804 ¹
516 3771 643 3850 Nestor,
655 3789 696 3828 au
712 3771 850 3848 septieme
866 3773 941 3832 livre
956 3773 993 3833 de
1010 3773 1139 3846 tunde,
1154 3785 1214 3830 met
1227 3773 1302 3830 dans
1317 3791 1360 3828 uu
1373 3783 1483 3854 casque

442 3869 484 3924 les
503 3887 589 3926 noms
610 3869 661 3928 des
684 3871 763 3928 chefe
782 3871 834 3949 qui
853 3890 884 3929 se
904 3876 1074 3950 presentent
1095 3893 1175 3951 pour
1197 3872 1346 3949 re'pondre
1364 3889 1404 3929 au
1426 3869 1484 3928 defi

441 3969 593 4026 d'Hector.
614 3969 689 4028 Mais
710 3982 793 4028 toute
813 3972 931 4030 l'srmee
947 3972 1000 4030 seit
1017 3973 1068 4031 des
1088 3991 1177 4032 voeux
1196 3989 1277 4048 pour
1296 3967 1424 4046 qu’Ajsx
1441 3983 1483 4024 cu

444 4065 587 4126 Diomede
602 4065 696 4126 soient
709 4071 842 4128 commeo
854 4087 910 4146 par
921 4071 950 4129 le
962 4081 1034 4130 sort.
