3216 5344
469 553 539 628 160
583 565 668 623 uns
697 503 1142 621 ninanonnntisus
1168 553 1398 632 monton,

465 685 634 810 signarat
648 703 766 781 subn
778 715 925 778 teneras
937 699 1116 796 lanugine
1128 698 1256 772 muas.

464 841 579 915 Hunc
592 862 678 936 ego,
694 831 944 934 meCyclops,
962 827 1070 902 nullo
1084 853 1173 900 cum
1185 827 1265 956 fine
1274 829 1434 924 petebat.

397 955 402 962 ¹
462 972 539 1048 Nec
556 979 587 1069 ¹,
604 969 636 1042 si
649 965 863 1064 quaesieris,
882 961 1016 1034 odium
1030 959 1219 1057 Cyclopis,
1237 985 1393 1034 amorne

462 1097 590 1179 Acidis
605 1102 649 1174 in
665 1097 775 1172 nobis
790 1094 908 1170 fuerit
923 1091 1162 1191 praesentior,
1180 1091 1300 1166 edam.
1338 1179 1342 1186 .

461 1223 534 1308 Par
550 1231 745 1327 utrimque
758 1226 844 1302 fuit.
864 1223 957 1298 Pro!
975 1234 1116 1322 quanta
1128 1222 1296 1320 potentia
1308 1217 1414 1318 regni

461 1369 544 1467 Est,
558 1368 689 1442 Venus
704 1365 821 1461 alma,
841 1363 920 1437 tui!
939 1387 1077 1460 nempe
1092 1359 1156 1433 ille
1169 1359 1346 1457 immitis,
1361 1369 1398 1431 et
1409 1351 1498 1454 ipsis

459 1497 685 1582 Horrendus
699 1502 825 1599 silvis,
844 1513 881 1574 et
897 1499 1002 1574 visus
1018 1502 1065 1575 ab
1079 1499 1229 1598 hospite
1243 1497 1352 1572 nullo

460 1634 643 1738 Impune,
663 1650 701 1711 et
716 1636 842 1736 magni
856 1661 945 1708 eum
958 1634 1027 1708 Dls
1041 1646 1252 1728 contemtor
1265 1632 1437 1730 Olympi,

460 1771 565 1860 Quid
580 1771 628 1844 sit
641 1795 765 1866 amor,
781 1769 894 1842 sentit
912 1793 921 1842 ι
937 1745 1134 1865 nostrique
1147 1767 1326 1868 cupidine
1339 1779 1466 1864 captus

461 1903 614 1998 Uritur,
633 1902 772 1977 oblitus
786 1925 967 1999 pecorum
984 1913 1258 1998 antrorumque
1272 1927 1441 1976 suorum.

457 2039 618 2134 Jamque
630 2035 701 2108 tibi
714 2033 846 2108 formae
858 2092 870 2132 ‚
887 2036 1041 2131 jamque
1054 2047 1109 2108 est
1126 2035 1197 2108 tibi
1210 2061 1301 2110 cura
1317 2031 1503 2134 placendi·²

457 2172 541 2244 Jam
554 2167 691 2267 rigidos
705 2164 821 2265 pectis
834 2163 985 2265 rastris,
1001 2153 1254 2268 Polypheme,
1270 2171 1433 2268 capillos.

456 2299 479 2377 J
480 2279 541 2377 am
551 2303 649 2382 libet
665 2302 853 2376 hirsutam
865 2301 937 2374 tibi
952 2301 1044 2376 falce
1060 2302 1227 2377 recidere
1239 2303 1394 2378 barbam
1407 2312 1437 2400 ¹,

456 2439 505 2511 Et
520 2449 684 2535 spectare
697 2435 795 2526 feros
812 2437 856 2510 in
872 2437 990 2534 aquil,
1007 2449 1044 2510 et
1060 2415 1304 2538 componere,
1324 2443 1465 2516 vultus.

339 2655 343 2664 Ι
455 2568 576 2642 Caedis
592 2595 717 2667 amor,
732 2569 949 2668 feritasque,
965 2571 1122 2670 sitisque
1135 2553 1319 2651 immensa
1331 2575 1492 2670 cruoriS,

401 2747 404 2761 ν
455 2697 608 2776 Cessint
625 2733 633 2776 :
650 2713 687 2776 et
699 2715 792 2776 tutae
807 2703 972 2777 veniunt
985 2705 1201 2806 abeuntque
1215 2711 1365 2785 carinae.

504 2833 681 2907 Telemus
698 2836 841 2908 interea
855 2835 1020 2908 Siculam
1033 2835 1176 2912 delatus
1192 2839 1238 2913 ad
1255 2841 1416 2940 AEtnen‚

452 2969 628 3042 Telemus
641 2967 885 3088 Eurymides,
902 2996 1016 3068 quem
1033 2974 1140 3048 nulla
1153 2974 1333 3051 fefellerat
1347 2961 1442 3078 ales,

496 3201 507 3232 ¹
528 3197 568 3254 (ἴε
582 3207 673 3265 tour,
691 3196 780 3256 d’une
797 3197 912 3258 nstvete
928 3202 1115 3280 ingenieuse,
1131 3207 1260 3281 exprime
1277 3227 1317 3265 ast
1332 3213 1447 3270 natural
1457 3221 1484 3268 et

453 3297 581 3455 l'lamour
599 3295 635 3354 de
656 3299 775 3357 Galatea
791 3319 871 3376 pour
888 3303 975 3374 Acis,
996 3316 1025 3362 et
1045 3325 1100 3362 son
1119 3309 1260 3396 aversion,
1275 3329 1356 3386 pour
1374 3316 1401 3372 le
1423 3315 1481 3393 ey-

454 3417 470 3455 c
482 3415 549 3472 ope.

494 3518 508 3548 ⁸
529 3513 568 3571 Ce
589 3513 677 3572 detail
695 3515 732 3572 de
753 3516 782 3573 la
801 3519 912 3578 toilette
931 3517 1075 3599 grossitie
1093 3497 1129 3586 tle
1148 3531 1347 3608 Polypheme,
1367 3549 1482 3598 estune

452 3613 589 3689 peinture
606 3613 642 3671 de
661 3633 771 3672 moeurs
791 3619 903 3676 releves
920 3621 971 3680 des
991 3627 1127 3686 couleurs
1145 3631 1187 3687 du
1203 3651 1292 3708 genre
1309 3643 1440 3712 pastoral
1455 3653 1482 3698 et

453 3711 598 3786 rustique.
609 3714 736 3772 Pulchra
748 3719 905 3793 ernphasis,
919 3743 1074 3802 remarque
1085 3731 1108 3784 F
1108 3733 1231 3803 amabe,
1244 3737 1305 3811 qud
1313 3747 1481 3816 capillorum
1507 3720 1508 3726 ἵ

453 3808 629 3884 Polyphemi
644 3825 673 3867 et
687 3817 855 3890 magnitudo
871 3834 901 3876 et
911 3823 1038 3884 densitas
1053 3828 1195 3902 innuitur,
1211 3838 1309 3911 utqui
1322 3858 1381 3898 uon
1391 3846 1479 3918 pecti-

454 3911 535 3968 nibus
542 3952 553 3982 ,
572 3913 626 3970 sed
640 3918 740 3974 rostris
748 3933 940 3995 pecterentur.
