3170 5366
452 571 529 648 524
572 585 657 644 sss
684 553 1122 640 ntrnnonrnosrs
1152 575 1389 652 norror,

451 733 585 810 Hostia
596 758 662 806 sus
673 730 855 806 meruisse
868 723 988 821 mori;
1007 723 1099 822 quie
1115 724 1260 798 semine
1271 719 1400 822 pando

452 865 608 940 Emerit
623 873 763 956 rostro,
777 882 959 956 spemque
972 854 1213 953 interceperit
1228 855 1334 928 amri.

452 995 559 1094 Vite,
574 1021 704 1094 caper,
719 987 861 1084 morsi,
876 985 1015 1062 Bacchi
1031 983 1253 1060 mactandus
1270 982 1317 1056 ad
1330 1005 1416 1056 ores

451 1124 618 1200 Ducitur
631 1115 767 1196 ultoris
785 1144 794 1189 :
812 1113 945 1187 nocuit
961 1137 1030 1184 sua
1042 1111 1155 1208 culpa
1166 1111 1321 1184 duobus
1336 1117 1362 1184 ¹.

502 1249 606 1340 Quid
619 1245 812 1324 meruistis
823 1269 930 1340 oves,
941 1241 1136 1340 placidum
1144 1265 1277 1339 pecus,
1287 1241 1409 1340 inque
1415 1233 1563 1313 tuendos

448 1381 592 1458 Natum
603 1375 796 1471 homines,
815 1372 929 1470 pleno
941 1393 1028 1466 quae
1041 1367 1147 1442 fertis
1161 1367 1204 1442 in
1217 1369 1335 1442 ubere
1351 1365 1508 1441 nectar?

450 1509 581 1588 Mollia
596 1533 684 1606 qure
697 1503 808 1579 nobis
821 1513 963 1578 vestras
975 1498 1166 1574 velamina
1178 1499 1282 1572 lanes
1393 1593 1398 1602 Ι

449 1639 630 1718 Praebetis
646 1667 655 1714 ε
670 1635 826 1734 vitisque
841 1631 975 1730 magis,
991 1630 1108 1728 quim
1121 1643 1243 1706 morte
1257 1631 1413 1728 juvatis.

448 1771 554 1862 Quid
567 1770 742 1847 meruere
753 1771 887 1864 boves,
902 1762 1044 1838 animal
1058 1761 1141 1836 sine
1155 1761 1289 1836 fraude
1304 1761 1501 1860 dolisque,

449 1905 688 1996 Innocuam,
703 1897 886 1994 simplex,
903 1905 1037 1968 natum
1054 1893 1212 1966 tolerare
1226 1891 1396 1968 labores?

448 2031 657 2108 Immemor
669 2025 894 2102 estdemnm
909 2029 938 2120 ¹,
953 2047 1024 2098 nec
1036 2021 1192 2120 frugum
1208 2047 1370 2098 munere
1385 2022 1537 2122 dignus,

449 2160 531 2249 Qui
542 2159 687 2258 potnit,
705 2157 818 2232 curvi
830 2155 958 2230 demto
969 2153 1083 2233 modo
1096 2155 1263 2254 pondere
1276 2157 1415 2256 aratri,

450 2287 670 2365 Ruricolnm
685 2297 848 2362 mactare
863 2310 1004 2358 suum:
1023 2283 1092 2382 qui
1105 2283 1196 2360 trita
1208 2283 1337 2358 labore

449 2421 537 2518 llla,
553 2419 693 2519 quibus
706 2419 817 2492 toties
829 2417 975 2492 durum
989 2429 1237 2492 renovaverat
1248 2443 1413 2516 arvum,

449 2549 525 2628 Tot
537 2551 692 2628 dederat
705 2577 860 2650 messes,
878 2551 1063 2650 percussit
1078 2551 1173 2626 oolla
1184 2527 1325 2628 securi.
1427 2639 1430 2647 Ι

448 2685 529 2766 Nec
544 2686 631 2760 setis
645 2696 718 2781 est,
732 2683 835 2782 quod
852 2685 925 2758 tale
939 2683 1042 2758 nefas
1058 2683 1312 2760 committitur
1327 2713 1335 2758 :
1351 2684 1453 2783 ipsos

450 2815 680 2913 inscripsere
692 2815 791 2890 Deos
804 2811 934 2886 sceleri
952 2839 960 2886 :
977 2837 1199 2910 numenque
1212 2837 1424 2912 supernum

451 2942 563 3019 Caede
578 2939 771 3016 laboriferi
784 2938 948 3014 credunt
963 2941 1123 3039 gaudere
1139 2941 1306 3040 juvenci.

497 3193 508 3226 ¹
533 3189 565 3252 Si
577 3209 632 3267 per·
644 3209 704 3248 nne
715 3188 884 3248 concession
895 3191 1024 3250 oretoire
1035 3192 1202 3270 Pythagore
1213 3192 1369 3268 pudorne
1378 3191 1416 3252 de
1426 3205 1494 3253 rues

453 3293 496 3350 les
508 3291 589 3349 botes
601 3289 713 3347 seroces
726 3308 767 3346 ou
779 3289 1015 3368 dommageables
1027 3291 1044 3348 i
1057 3289 1086 3347 la
1095 3291 1215 3348 culture
1225 3331 1233 3360 ‚
1245 3292 1315 3349 c’est
1327 3311 1408 3367 pour
1420 3311 1497 3350 eou-

450 3391 578 3450 damner
589 3407 660 3447 avec
669 3389 738 3464 plus
748 3389 786 3446 de
797 3388 878 3446 force
889 3391 916 3446 le
929 3401 1059 3447 meurtre
1072 3387 1123 3448 des
1133 3387 1274 3446 animem
1281 3388 1496 3466 domestiques.

453 3489 515 3552 Par
530 3507 590 3547 nne
606 3471 772 3564 exposition
788 3487 944 3562 eloquente
962 3485 999 3544 de
1014 3487 1095 3544 leurs
1112 3485 1256 3556 services,
1271 3485 1293 3542 il
1309 3487 1400 3544 excite
1417 3507 1499 3563 pour

455 3609 514 3652 eux
530 3591 558 3648 le
574 3589 645 3666 pilio
656 3628 665 3660 ‚
677 3600 706 3646 et
718 3587 926 3666 l'indignstion
940 3599 1043 3647 contre
1057 3588 1196 3645 l'homme
1211 3587 1311 3664 ingres
1323 3588 1378 3666 qui
1390 3589 1433 3646 les
1446 3600 1499 3646 tue

455 3697 486 3750 et
498 3687 540 3746 les
552 3686 684 3745 devores
786 3701 788 3706 ’
816 3685 822 3694 ’

499 3801 513 3832 ²
535 3799 665 3873 Affectus·
674 3801 760 3857 servit
773 3799 829 3876 lscp
842 3803 905 3858 loco
918 3797 1055 3870 (lemtim,
1074 3801 1322 3876 quemadmodum
1335 3801 1499 3860 eltrudem

457 3899 628 3974 aliqnando.
646 3901 695 3955 Ex
708 3913 772 3958 arte
787 3896 936 3960 hircinum
951 3900 1187 3976 ingratiurds‘nem
1200 3901 1369 3974 amplfieat
1381 3891 1499 3977 Proie-

451 4015 542 4071 ἔσται
548 4036 560 4068 ,
576 3997 763 4074 quosace'lr'ris
774 3999 815 4056 ab
825 3997 990 4058 ocddendtis
1003 3997 1093 4058 totus
1103 4001 1310 4058 deterremur.
