3216 5344
421 527 489 583 no
533 484 1091 574 aasuirauourucsus
1120 503 1352 586 naovrua,

467 657 599 750 Quid?
610 653 714 757 quod
727 681 805 752 me,
822 653 913 730 duri
925 651 1132 754 fugientem
1148 679 1309 730 munera
1325 655 1441 767 bein,

416 791 554 892 Arguit
569 791 718 888 incepto
734 811 861 860 serum
875 783 1066 858 accessisse
1081 783 1220 860 labori:

418 905 496 998 Nec'
510 913 801 1020 semagneuimo
816 911 1038 1006 maledicere
1054 912 1169 984 sentit
1189 913 1337 988 Achilli.

419 1049 461 1126 Si
477 1047 672 1123 simulasse
687 1055 797 1120 vocat
809 1043 972 1136 crimen,
990 1041 1257 1118 simulavimus
1269 1047 1393 1126 urnbo.

419 1177 462 1256 Si
476 1204 584 1255 mora
598 1201 669 1274 pro
681 1173 792 1272 culpa
807 1184 884 1268 est,
903 1198 968 1270 ego
982 1198 1068 1248 sum
1082 1176 1270 1251 maturior
1285 1177 1365 1251 illo.

420 1306 483 1384 Me
496 1307 559 1402 pia
570 1301 736 1388 detinuit
752 1301 896 1394 conjux
916 1328 924 1372 :
943 1300 1006 1396 pia
1019 1313 1139 1375 mater
1151 1301 1345 1400 Achillen3
1366 1273 1386 1320 ⁷

420 1434 624 1529 Primaque
637 1413 728 1502 sunt
741 1427 816 1500 illis
829 1425 915 1500 dau
927 1439 1114 1526 tempora,
1131 1442 1263 1506 caetera
1275 1432 1398 1508 vobis.

420 1561 534 1642 Haud
548 1560 684 1656 timec,
701 1558 734 1632 si
746 1558 823 1654 jam
836 1583 985 1654 nequeo
1001 1557 1203 1636 defendere
1214 1563 1360 1638 crimen

421 1696 521 1798 Cum
535 1704 641 1768 tanto
657 1715 860 1766 commune
873 1690 971 1764 viro.
990 1691 1208 1788 Deprensus
1224 1693 1367 1792 Ulyssis

327 1857 330 1866 ¹
421 1825 578 1926 Ingenio
592 1835 718 1897 tamen
732 1821 813 1919 ille,
832 1833 870 1896 at
884 1805 963 1897 non
977 1822 1119 1922 Ajacis,
1134 1823 1295 1922 Ulysses.

471 1959 576 2060 Neve
589 1957 631 2030 in
645 1981 707 2028 me
721 1951 866 2030 stolidae
879 1957 1051 2032 convicia
1064 1957 1224 2061 fundere
1235 1961 1374 2060 linguae
1390 1966 1400 2062 J

422 2090 671 2170 Admiremur
687 2113 794 2184 eum,
811 2089 920 2162 vobis
933 2115 1086 2186 quoque
1100 2089 1213 2192 digna
1224 2089 1376 2190 pudore·

424 2223 578 2320 objicit.
597 2219 659 2296 An
672 2217 764 2294 falso
776 2218 1000 2294 Palameden
1012 2195 1173 2296 erimine
1186 2233 1299 2320 turpe

423 2353 623 2430 Accusasse
636 2351 753 2448 mihi,
770 2352 879 2425 vobis
894 2351 1089 2424 damnasse
1105 2349 1286 2426 decimum
1299 2349 1378 2456 esti

356 2501 362 2510 '
425 2486 497 2560 Sed
513 2509 638 2584 neque
651 2481 876 2580 Naupliades
891 2481 1037 2556 facinus
1051 2479 1253 2554 defendere
1265 2491 1414 2552 tantum
1427 2535 1441 2586 ,¹

283 2709 288 2718 ι
424 2613 595 2715 Tamque
611 2627 761 2714 patens,
778 2615 901 2690 valuit
917 2642 925 2688 :
942 2638 1094 2688 necros
1107 2612 1264 2686 audistis
1278 2611 1320 2683 in
1334 2610 1401 2716 illo

424 2747 612 2845 Crimina,
627 2746 777 2820 vidistis
795 2775 803 2820 :
821 2729 1020 2846 pretioque
1037 2747 1179 2842 objecta
1191 2745 1368 2848 patebant
1381 2750 1407 2818 ⁸.

474 2879 550 2952 Nec
562 2877 802 2952 Paeantiadcn
815 2877 917 2976 quod
931 2877 1046 2952 habet
1061 2877 1246 2982 Vulcania
1258 2877 1438 2972 Lemnos,

360 3081 363 3088 .
423 3003 514 3084 Esse
524 3033 611 3082 reus
626 3009 751 3082 merui
769 3038 777 3084 :
792 3009 934 3084 factum
949 3009 1139 3086 defendite
1155 3022 1326 3112 vestrum
1335 3037 1347 3106 3
1437 2979 1441 2994 ι

426 3139 673 3216 Consensistis
688 3140 804 3215 enim.
824 3143 901 3215 Nec
913 3167 975 3216 me
990 3141 1146 3216 suasisse
1164 3142 1324 3242 negabo,

426 3270 480 3345 Ut
491 3298 529 3346 se
546 3271 784 3346 subtraheret
799 3273 965 3370 bellique
979 3273 1128 3372 viaeque
1141 3273 1278 3370 labori,

424 3401 680 3502 Tentaretque
693 3405 791 3480 feros
806 3411 940 3505 requie
953 3408 1074 3482 lenire
1090 3407 1250 3485 dolores.

472 3639 483 3672 ¹
506 3633 628 3706 Asacem
645 3636 675 3692 ia
689 3650 880 3713 contemptum
894 3637 1031 3710 adducit,
1049 3641 1101 3714 qui
1111 3636 1195 3695 tantd
1205 3637 1244 3694 sit
1255 3631 1375 3692 stultiu'd
1386 3645 1462 3692 ntea

332 3775 337 3790 .
430 3733 553 3801 dixerit,
567 3753 635 3808 quoe
646 3735 676 3790 in
682 3736 816 3806 judicum
822 3739 970 3812 pudorem
982 3737 1109 3793 recidere
1117 3737 1241 3811 possim.

472 3833 485 3862 ⁸
507 3831 543 3887 Se
560 3833 675 3904 Ulysser
687 3833 729 3890 itia
736 3849 863 3910 purgat,
877 3849 909 3894 ut
918 3837 1054 3896 mundat
1063 3837 1257 3896 Palamedem
1268 3835 1299 3892 ia
1311 3827 1466 3908 munim

425 3925 694 4006 proditionefuisse
707 3933 927 4024 deprehensam,
1268 3933 1270 3937 ¹
