3178 5360
370 513 468 590 ‘552
514 527 597 582 nns
626 495 1065 580 uirrnonrnosns
1095 517 1322 597 novior,

395 673 597 774 Unguibus
612 681 649 742 et
661 666 787 766 pando
800 664 937 740 nidum
952 665 1024 738 sibi
1040 671 1226 744 construit
1238 647 1326 744 ores

396 805 483 892 Quo
496 800 609 876 simul
624 823 665 872 sc
678 797 810 890 casias,
825 808 863 868 et
876 793 986 868 nardi
998 795 1094 870 lenis
1110 797 1259 894 aristas,

394 934 613 1032 Quassaque
626 953 715 1004 oum
729 927 836 1000 fulvi
851 926 1058 1000 substravit
1069 928 1244 1002 cinnama
1256 927 1446 1027 myrrhet,

395 1069 443 1143 Se
455 1093 567 1164 super
582 1061 764 1162 imponit,
779 1059 942 1157 finitque
955 1061 999 1134 in
1013 1061 1193 1136 odoribus
1205 1085 1347 1136 aevum.

395 1196 490 1274 Inde
503 1196 649 1290 ferunt,
666 1191 821 1267 totidem
834 1192 903 1289 qui
919 1191 1050 1266 vivere
1067 1193 1198 1266 debeat
1210 1217 1351 1288 annos,
1416 1199 1419 1204 ’

395 1329 560 1424 Corpore
575 1325 622 1398 de
636 1323 758 1422 patrio
773 1348 936 1420 parvum
948 1321 1126 1398 Phenica
1137 1324 1295 1398 renasci.

392 1459 491 1534 ctun
504 1457 608 1532 dedit
620 1457 713 1530 huic
725 1467 812 1530 aetru
826 1456 947 1553 vires,
962 1455 1147 1553 onerique
1162 1453 1319 1530 ferendo
1333 1463 1411 1553 φὶς

394 1591 630 1668 Ponderibus
646 1589 730 1662 nidi
744 1615 867 1664 ramos
880 1589 982 1663 levat
996 1588 1141 1662 arboris
1156 1588 1259 1702 pltae5
1368 1593 1371 1598 ’

393 1721 554 1820 Fertque
566 1719 653 1817 pius
667 1743 859 1815 cunasque
870 1743 974 1816 suos,
988 1719 1231 1816 patriumque
1247 1713 1488 1815 sepulerum

392 1851 539 1948 Perque
551 1851 652 1924 leves
665 1875 774 1924 aures
787 1849 1016 1947 Hyperionis
1033 1850 1129 1923 urbe
1145 1849 1305 1946 potitus,

389 1979 490 2056 Ante
505 1980 602 2055 sores
619 2005 737 2054 sacras
753 1979 984 2078 Hyperionis
1000 1977 1079 2052 aede
1096 1979 1258 2078 reponit.

440 2111 482 2184 Si
497 2123 622 2186 umen
639 2125 695 2186 est
707 2111 851 2210 aliquid
865 2113 974 2186 mirae
989 2113 1168 2188 novitatis
1181 2113 1223 2186 in
1236 2111 1336 2208 istis3

391 2237 587 2315 Alternere
600 2243 718 2340 vices,
736 2253 773 2314 et
789 2267 875 2338 quae
892 2242 1004 2316 modo
1017 2241 1175 2318 foemina
1186 2254 1287 2340 tergo

388 2369 500 2446 Passa
509 2399 653 2448 marem
665 2385 736 2472 est,
752 2399 857 2448 nuno
871 2401 947 2448 esse
960 2401 1102 2450 marem
1116 2376 1302 2450 miremur
1314 2371 1507 2472 hyrenem.

388 2503 434 2580 Id
447 2529 618 2601 quoque,
638 2503 739 2602 quod
757 2505 881 2578 ventis
894 2507 1034 2580 animal
1050 2506 1223 2580 nutritur
1238 2515 1277 2578 et
1291 2503 1383 2578 aursi
1401 2509 1431 2601 ¹,

344 2681 356 2692 κ
388 2635 568 2711 Protinus
584 2637 776 2712 assimulat
786 2649 889 2712 tactu
905 2665 1164 2738 quoscumque
1177 2637 1330 2714 colores.

386 2763 496 2841 Victa
508 2767 727 2842 racemifero
743 2768 871 2866 lyncas
885 2767 992 2844 dedit
1008 2768 1118 2842 ludia
1133 2767 1296 2864 Bocch03

388 2897 420 2970 E
437 2898 597 2995 quibus,
616 2909 662 2972 ut
677 2909 914 2994 memorant,
932 2895 1116 2995 quicquid
1133 2897 1255 2986 vesica
1267 2893 1429 3006 remisit,

387 3027 560 3102 Vertitur
573 3031 615 3104 in
629 3031 790 3128 lapides3
810 3043 848 3104 et
860 3031 1024 3128 congelat
1035 3037 1119 3104 uere
1135 3042 1231 3105 tacto
1245 3037 1271 3104 ¹.

387 3157 448 3230 stc
465 3167 501 3229 et
517 3155 726 3252 curalium,
747 3159 823 3255 quo
836 3159 1006 3256 primum
1020 3159 1175 3258 contigit
1186 3144 1296 3234 eurus

387 3288 592 3388 Tempore,
608 3287 776 3394 durescit
793 3317 800 3362 :
816 3289 940 3364 mollis
954 3289 1028 3366 fuit
1041 3291 1159 3364 herba
1171 3292 1242 3366 sub
1255 3285 1385 3364 undis.

434 3423 589 3499 Deseret
602 3433 688 3497 ante
701 3411 802 3520 dies,
818 3435 855 3497 et
870 3425 1001 3499 inulto
1018 3423 1185 3500 Phoebus
1200 3423 1354 3499 anhelos

430 3637 441 3670 ¹
465 3635 621 3712 L’opinion
638 3635 690 3713 qui
705 3655 832 3714 suppose
847 3657 905 3715 qne
917 3639 944 3696 le
956 3641 1104 3698 cameleon
1115 3639 1158 3698 rit
1170 3639 1245 3697 d’sir
1268 3652 1312 3700 est
1336 3658 1420 3700 erro-

386 3737 450 3792 nee.
466 3733 491 3790 11
505 3753 535 3792 se
548 3735 666 3794 nourrit
681 3735 717 3793 de
731 3737 871 3794 monches
884 3747 913 3794 et
926 3737 962 3795 de
977 3737 1063 3814 petits
1076 3737 1206 3797 innectes.

429 3837 443 3867 ¹
465 3833 491 3889 11
503 3853 524 3908 y
537 3851 555 3890 s
570 3853 629 3894 une
642 3835 739 3913 pierre
758 3835 795 3896 de
815 3838 885 3915 lynx
905 3840 997 3916 qu’on
1013 3837 1088 3896 croit
1102 3857 1159 3898 une
1174 3835 1369 3916 congellatiou
1382 3833 1420 3898 de

386 3952 439 3990 son
453 3951 550 3990 unsse-
