3178 5350
444 547 515 598 210
556 533 642 591 nes
672 500 1108 586 uirsuonenoses
1136 515 1366 592 movrnn,

444 682 502 758 Ad
523 679 724 774 sedemque
738 671 888 770 Erycis,
902 668 1100 766 fidumque
1111 668 1250 742 rotans
1265 667 1441 762 Acesten,

443 809 644 906 Sacrificat3
663 803 934 898 tumulumque
948 799 1008 872 sui
1024 798 1202 896 genitoris
1217 798 1393 872 honorat.

493 941 671 1036 Quasque
683 947 779 1008 rates
792 931 863 1006 Iris
875 927 1043 1004 lunonis
1058 953 1166 1026 paene
1181 927 1365 1002 cremarat
1378 935 1411 1022 ¹,

445 1057 864 1162 Solvitzetllippotsdae
876 1081 1055 1154 regnum,
1074 1068 1268 1154 terrasque
1280 1052 1417 1130 calenti

445 1201 599 1279 Sullure
613 1197 801 1272 fumantes
808 1248 819 1288 ‚
835 1183 1182 1282 Acheloiadumque
1194 1183 1380 1280 relinquit

448 1335 625 1409 Sirenum
637 1325 808 1424 scopulos
818 1321 1038 1416 :orbataque
1053 1315 1212 1416 praeside
1225 1317 1342 1412 pinus

448 1465 657 1556 Inarimen,
672 1453 962 1549 Prochytenque
972 1446 1079 1544 legit,
1098 1444 1292 1544 sterilique
1307 1445 1442 1518 lomes

447 1595 549 1670 Colle
561 1590 795 1676 Pithecusas,
814 1577 1055 1658 habitantum
1071 1576 1227 1652 nomine
1242 1575 1373 1651 dictes.

449 1723 600 1819 Quippe
612 1715 738 1793 Derim
750 1713 896 1811 genitor
908 1707 1101 1806 frondem,
1118 1720 1156 1782 et
1168 1707 1335 1806 perjuria
1346 1707 1545 1806 quondam

314 1845 320 1858 ’
450 1849 660 1947 Cercopum
673 1869 828 1940 exosus,
842 1841 1038 1940 gentisque
1046 1837 1212 1914 'admissa
1225 1837 1385 1936 dolose,

449 1985 496 2060 In
509 1981 676 2056 deforme
688 1977 791 2050 viros
804 1971 943 2047 animal
955 1970 1138 2065 mutavit,
1153 1981 1199 2042 ut
1214 1967 1316 2042 idem

450 2115 658 2194 Dissimiles
671 2110 823 2216 homini
835 2117 985 2208 possent
1000 2103 1216 2200 similesque
1227 2101 1365 2176 videri.

450 2247 694 2340 Membraque
707 2238 912 2314 contraxit:
923 2259 1107 2332 naresque
1121 2261 1144 2306 u
1155 2232 1279 2307 fronte
1291 2233 1448 2308 resimas

451 2373 653 2468 Contudit,
672 2382 710 2444 et
725 2368 826 2464 rugis
839 2363 1027 2463 permovit
1038 2361 1204 2434 anilibus
1217 2386 1294 2436 ora.

358 2531 360 2534 ·
450 2505 621 2602 Totaque
634 2499 774 2576 velatos
787 2493 942 2572 flaventi
954 2517 1110 2590 corpore
1122 2489 1215 2562 villo

453 2616 558 2714 Misit
570 2635 613 2709 in
627 2633 694 2708 has
707 2631 810 2706 sedes
827 2657 835 2702 :
851 2653 921 2702 nec
934 2651 1014 2700 non
1024 2623 1132 2722 priris
1145 2619 1300 2696 abstulit
1313 2645 1428 2696 usum

454 2769 688 2861 Verborum,
704 2776 742 2836 et
753 2773 850 2836 natae
863 2759 946 2832 dira
958 2757 1001 2830 in
1014 2753 1180 2854 perjuria
1196 2750 1346 2850 linguae.

455 2901 566 2996 Posse
578 2896 687 2996 queri
704 2895 854 2968 tantum
870 2916 983 2966 rauco
998 2887 1159 2962 stridore
1174 2883 1371 2980 relinquit.

457 3108 536 3182 Ill.
572 3109 704 3180 AEneoe
722 3103 920 3176 descensus
937 3101 992 3176 ad
1006 3097 1155 3200 infhros.
1177 3091 1497 3196 Sibylloefobulo.

505 3315 604 3392 Hie
620 3317 689 3390 ubi
701 3317 900 3413 praeteriit,
920 3327 958 3388 et
969 3312 1242 3410 Parthenopeia
1254 3309 1388 3384 deme

458 3448 600 3535 Moenia
614 3448 795 3546 deseruit3
811 3449 906 3524 leve
918 3448 966 3520 de
980 3458 1085 3545 parte
1101 3445 1229 3520 canori

504 3654 514 3683 ¹
539 3651 611 3719 Iris,
624 3641 1494 3725 parl'ordredelunonqnivoulaitempecberllneed'ubor-

462 3747 516 3810 der
526 3769 563 3806 en
572 3749 654 3820 Italie
666 3789 675 3818 ,
691 3749 761 3804 erait
771 3767 865 3803 renue
876 3745 983 3801 exciter
996 3745 1036 3800 les
1047 3745 1217 3822 Troyennes
1228 3742 1244 3798 i
1255 3741 1357 3797 bruler
1366 3741 1407 3794 les
1416 3738 1493 3792 rais-

460 3865 552 3904 seaux
563 3847 617 3922 qui
625 3847 667 3903 les
675 3846 791 3904 avaient
799 3845 975 3906 nmeoe'eseu
985 3841 1070 3902 steilo
1079 3879 1089 3914 ‚
1098 3842 1138 3902 ob
1149 3841 1217 3899 elles
1228 3837 1378 3898 voulsient
1388 3835 1493 3914 genter

464 3945 542 4000 enlin
554 3945 579 4002 le
594 3962 691 4024 repon.
