3248 5338
437 567 483 642 te
551 578 638 638 aas
666 547 1108 662 utrauourrrosrs
1138 569 1374 652 u’ovros,

435 731 545 802 Para
561 725 635 823 tibt
648 724 729 800 est?
744 721 906 820 Evagms
918 719 983 796 ait.
999 719 1077 796 Neo
1091 717 1218 795 dicere
1230 719 1393 796 Rhoetus

435 851 552 931 Plura
568 853 659 929 sinit
675 877 683 927 r
698 851 906 948 rutilasque
920 847 1030 924 ferox
1043 851 1088 922 in
1102 861 1230 948 apertu
1244 849 1435 948 loquentis

434 987 616 1064 Condidit
627 1011 693 1062 ora
704 983 781 1060 viri
789 1041 800 1080 ,
812 1007 955 1080 perque
967 1007 1022 1079 os,
1038 981 1080 1054 in
1093 993 1261 1080 pectora,
1275 981 1447 1056 flammas
1459 987 1484 1057 ¹.

479 1117 539 1224 ¹Te
549 1142 719 1218 quoque,
736 1139 834 1190 saevc
846 1115 968 1211 Drya,
980 1111 1126 1188 circum
1139 1125 1254 1211 ceput
1265 1114 1488 1212 igneronto

434 1245 676 1344 Insequitur3
692 1240 755 1316 sed
770 1263 851 1314 non
863 1239 906 1312 in
920 1222 957 1338 tie
969 1261 1122 1336 quoque
1134 1237 1303 1312 constitit
1316 1235 1421 1312 idem

430 1377 571 1454 'Exitus
589 1405 597 1452 :
613 1373 771 1452 assiduae
788 1395 960 1447 successu
977 1368 1089 1444 caedis
1106 1381 1305 1466 orontem,

435 1509 523 1598 Qua
537 1510 667 1604 juncta
683 1515 738 1580 cst
752 1502 916 1578 humero
932 1501 1084 1598 cervix,
1100 1497 1193 1574 sude
1208 1498 1289 1598 figis
1306 1497 1453 1576 obusta.

432 1635 622 1745 ingemuit
634 1622 808 1730 duroque
821 1629 958 1705 sudem
973 1629 1045 1702 vix
1060 1653 1140 1702 osse
1155 1625 1305 1704 revellit

432 1763 615 1860 Rhoetus3
631 1773 668 1836 et
683 1760 763 1858 ipse
777 1785 846 1834 suo
859 1755 1088 1833 madefactus
1104 1757 1286 1855 sanguine
1301 1755 1410 1856 iirgit.

480 1897 591 1994 Fugit
603 1907 641 1968 et
653 1894 824 1989 Orneus,
840 1892 1099 1990 Lycabasque,
1114 1901 1152 1964 et
1167 1893 1316 1966 saucius
1328 1915 1438 1968 armo

433 2021 654 2102 Dexteriore
668 2019 828 2114 Medon,
843 2030 981 2092 etcum
995 2019 1172 2092 Pisenore
1184 2017 1395 2114 Thaumas3

433 2149 588 2247 Quique
604 2145 746 2245 pedum
759 2169 883 2243 nuper
897 2145 1102 2220 certamine
1117 2145 1260 2222 vicerat
1273 2171 1409 2222 omnes

430 2281 658 2378 Mermeros,
674 2291 824 2378 eccepto
837 2303 943 2354 nunc
958 2279 1119 2354 retinere
1134 2279 1277 2354 tardius
1291 2278 1388 2378 ibat;

430 2409 481 2486 Et
493 2409 652 2508 Pholus,
668 2420 706 2484 et
718 2409 928 2506 Melaneus,
941 2420 979 2482 et
992 2408 1089 2484 Abas
1102 2409 1289 2507 pmdator
1299 2431 1500 2510 aprorum

432 2541 587 2640 Quique
602 2539 681 2616 suis
695 2539 837 2616 frustra
852 2541 996 2615 bellum
1013 2538 1235 2616 dissuaserat
1246 2563 1367 2640 augur

432 2671 591 2772 Astylos.
608 2673 676 2748 lile
692 2672 805 2748 etiam
818 2673 1004 2750 metuenti
1017 2673 1177 2750 vulnera
1192 2675 1324 2767 Nesso,

429 2801 485 2878 Ne
498 2803 603 2900 fuge:
619 2803 665 2878 ad
679 2801 899 2900 Herculeos,
914 2804 1063 2901 inquit,
1078 2806 1284 2880 servaberis
1297 2827 1420 2878 amus.

435 3007 437 3010 .
478 2933 1520 3034 AtnonEurynomusLycidasque,etAreosctImbreus

428 3060 598 3160 Effugere
614 3085 745 3136 nerem
760 3091 768 3136 ε
784 3089 880 3160 quos
897 3089 1028 3138 omnes
1043 3064 1178 3140 dextra
1193 3065 1372 3164 Dryantis

427 3196 594 3272 Perculit
607 3195 794 3272 adversos.
811 3196 1026 3276 Adversum
1041 3213 1085 3274 tu
1098 3225 1268 3298 quoque,
1282 3198 1461 3297 quamvis

426 3325 546 3424 Terga
561 3325 657 3424 fugae
670 3323 841 3427 dederas,
856 3331 1018 3429 vulnus,
1035 3331 1206 3428 Crenaee,
1221 3330 1356 3405 tulisti.

316 3473 320 3484 ‘
426 3451 522 3528 Nam
537 3477 648 3552 grave
664 3453 882 3555 respiciens,
901 3459 1003 3532 inter
1019 3459 1097 3534 duo
1113 3459 1278 3557 lumina,
1292 3459 1458 3559 serrum,

426 3577 511 3672 Qut
528 3581 630 3662 nnis
641 3581 761 3658 fiunti
773 3587 1036 3688 committitur,
1051 3589 1203 3687 accipis,
1219 3589 1318 3666 imae.

469 3795 479 3827 ¹
505 3793 609 3866 Quelle
622 3797 744 3875 -tnergie
761 3795 798 3855 de
815 3799 909 3876 style!
928 3819 986 3878 que
1003 3799 1186 3860 d'inrentiou
1203 3799 1278 3862 dana
1295 3801 1337 3862 iet
1353 3799 1460 3862 deuito

426 3891 521 3950 verite
539 3891 576 3952 de
593 3906 667 3952 cette
681 3897 755 3954 tutte
773 3899 945 3975 saughntei
963 3901 1061 3982 quelle
1077 3903 1196 3964 chaleur
1212 3901 1287 3964 dene
1301 3903 1328 3964 le
1340 3902 1458 3968 deuim

425 3989 523 4066 quelle
535 3989 662 4054 rivucitt
673 3993 747 4054 dane
758 3995 785 4054 le
797 3995 905 4060 coloris
917 3999 924 4056 t
