3178 5360
425 565 509 640 ,544
553 527 638 636 nes
665 545 1101 632 uerrucarnosas
1130 565 1354 642 novics,

437 731 560 807 Pauca
572 753 686 826 super
698 723 868 800 referam.
882 719 1107 810 Quidlnon
1121 733 1159 796 et
1170 722 1488 822 lympbofiguras
1572 709 1573 792 l

437 864 586 958 Datque
596 857 770 956 capitque
779 853 923 929 novas?
934 851 1060 928 medio
1071 863 1155 951 tua,
1170 854 1359 952 corniger*
1370 853 1551 946 Acumen,

437 991 552 1068 Unda
565 989 628 1065 die
640 986 759 1088 gelida
776 999 831 1061 est
847 1013 855 1060 :
871 996 1034 1083 ortuque
1046 985 1229 1083 obituque
1241 985 1402 1060 calescit.

436 1121 609 1200 Admotis
622 1117 844 1195 Athamania
856 1117 965 1214 aquis
978 1115 1178 1191 accendere
1192 1117 1340 1216 lignum
1408 1139 1411 1142 ·

436 1255 637 1348 Narratur,
655 1248 836 1324 minimos
848 1247 938 1320 cnm
953 1245 1063 1321 Luna
1075 1245 1277 1321 recessitin
1290 1245 1413 1320 orbes.

437 1383 598 1456 Flumen
611 1377 753 1452 habent
766 1375 941 1469 Cicones,
959 1372 1063 1470 quod
1076 1385 1210 1472 potum
1223 1399 1333 1449 saxea
1344 1371 1475 1447 reddit

436 1508 588 1590 Viscera
605 1534 613 1580 :
629 1503 733 1602 quod
745 1502 851 1576 tactis
862 1499 1013 1576 inducit
1024 1527 1213 1577 mermom
1227 1503 1352 1577 rebus.
1463 1532 1466 1546 ·

436 1637 605 1732 Crathis,
616 1633 752 1710 ethuic
758 1631 928 1730 Sybaris,
940 1633 1078 1710 nostris
1091 1634 1349 1708 conterminus
1362 1631 1486 1728 arvis,

437 1771 585 1850 Electro
598 1768 737 1844 similes
752 1765 899 1842 faciunt
912 1791 1081 1865 auroque
1092 1765 1256 1866 capillos.

488 1895 1545 1995 Quodquomegismirum,sunt,quinonoorpomtantum,

437 2027 583 2102 Verum
595 2027 740 2102 ardmos
754 2025 866 2100 etiam
878 2025 1027 2100 valeant
1040 2035 1206 2121 muare,
1224 2024 1403 2122 liquores.

440 2157 513 2230 Cui
529 2180 609 2229 non
624 2153 753 2230 audita
766 2166 820 2228 est
832 2156 1001 2230 obscenae
1014 2155 1190 2231 Salmacis
1205 2154 1344 2230 unde?
1457 2210 1461 2224 .

440 2282 711 2380 AEthiopesque
722 2280 852 2354 lacus?
864 2307 958 2379 quos
970 2281 1004 2354 si
1017 2280 1103 2380 quis
1118 2280 1290 2356 faucibus
1301 2278 1450 2376 hausit,
1572 2349 1573 2368 ς

440 2411 520 2488 Aut
531 2411 643 2508 furit,
658 2421 724 2484 aut
736 2409 879 2486 mirum
893 2411 1037 2508 patitur
1048 2413 1226 2510 gravitate
1238 2437 1424 2509 soporem.

442 2540 598 2617 Clitorio
613 2543 847 2638 quicumque
862 2541 964 2616 sitim
981 2541 1028 2615 de
1044 2542 1148 2618 fonte
1162 2541 1316 2640 levabit,

440 2646 540 2748 Vina
551 2673 664 2771 fugit,
679 2673 887 2771 gaudetque
900 2676 1015 2750 meris
1027 2677 1230 2752 abstemius
1246 2675 1372 2751 undis.

439 2807 516 2881 Seu
528 2806 588 2880 vis
600 2817 655 2880 est
667 2807 711 2882 in
727 2805 841 2904 aqud,
858 2807 976 2882 calido
990 2809 1177 2884 contraria
1193 2809 1306 2904 vino;

377 2963 379 2971 ·
440 2937 530 3012 Sive
543 2937 645 3034 quod
659 2937 844 3035 indigenae
861 2949 1088 3034 memorant,
1105 2937 1331 3012 Amithsoue
1343 2947 1474 3032 natus,

440 3063 623 3142 Proetidas
635 3069 809 3143 attonitas
821 3071 1034 3167 postquam
1047 3098 1116 3169 per
1131 3097 1283 3146 carmen
1299 3083 1336 3145 et
1350 3071 1485 3146 herbas
1572 3067 1573 3144 ζ

438 3195 592 3292 Eripuit
602 3194 743 3292 Furiis,
759 3198 980 3294 purgamina
992 3198 1130 3274 mentis
1145 3195 1187 3271 in
1200 3199 1283 3272 illas
1572 3153 1573 3232 l

439 3327 543 3403 Misit
554 3353 668 3425 aquas
680 3328 907 3427 :odiumque
922 3334 1018 3406 meri
1032 3333 1238 3430 permansit
1251 3335 1295 3406 in
1310 3332 1437 3406 undis.
1486 3332 1490 3343 '

488 3455 590 3530 Huic
603 3455 689 3530 fluit
705 3457 838 3533 effectu
851 3459 977 3559 dispar
989 3463 1210 3561 Lyncestius
1225 3464 1366 3538 amnis:

442 3589 566 3674 Quem
579 3590 811 3689 quicumque
827 3594 963 3690 parium
979 3593 1170 3669 moderato
1185 3605 1337 3692 guture
1350 3594 1483 3703 traxit,

442 3722 554 3800 Haud
570 3725 679 3801 aliter
692 3725 847 3824 titubat,
862 3727 977 3825 qutun
991 3727 1023 3800 si
1035 3753 1140 3802 mera
1155 3727 1246 3801 vina
1257 3726 1422 3800 bibisset.

486 3906 496 3936 ¹
521 3903 591 3962 Prbs
602 3904 645 3962 du
655 3905 761 3980 temple
773 3903 810 3962 de
823 3905 940 3985 Jupiter
952 3907 1100 3977 Ammon,
1115 3923 1151 3964 en
1159 3903 1266 3983 Lybie,
1279 3902 1349 3962 tuit
1360 3901 1388 3958 la
1399 3901 1470 3958 tou·

443 4000 520 4064 tsinc
531 4003 607 4070 doct
618 4005 700 4080 pute
713 4003 818 4066 Oridc.
