3178 5350
416 597 486 670 170
530 593 613 648 nes
644 563 1081 646 nirauonrnosos
1113 590 1341 715 o’ovroq,

375 844 382 853 ι
412 734 545 850 ,Unum
559 740 669 839 estin
683 737 807 812 modist
818 737 952 813 lumen
965 737 1066 812 mihi
1077 703 1223 841 fronte,
1240 745 1304 818 sed
1319 746 1436 820 instar·

413 869 578 966 Ingentis
592 868 715 980 clypei
733 897 741 942 :
757 867 877 965 quid?
889 893 969 940 non
981 865 1207 942 haecomnia
1219 896 1353 971 magno
1369 881 1377 910 ¹

413 994 478 1068 Sol
492 994 598 1067 videt
611 1021 632 1066 e
646 993 767 1066 coelo?
779 993 857 1066 Soli
870 1005 997 1066 tamen
1009 992 1148 1068 unicus
1161 987 1276 1072 orbis.

412 1115 538 1218 Adde,'
552 1119 653 1218 quod
668 1119 711 1192 in
724 1131 851 1194 vestro
863 1121 1010 1217 genitor
1019 1147 1126 1196 meus
1139 1151 1291 1222 aequore
1303 1141 1437 1228 regnat.

412 1255 527 1329 Hune
539 1255 611 1327 tibi
624 1253 675 1327 do
688 1277 861 1327 socerum
878 1281 886 1326 :
901 1255 1052 1328 tantirm
1066 1255 1263 1355 miserere,
1275 1285 1472 1358 precesque

359 1477 365 1486 ¹
412 1389 599 1488 Supplicis
612 1388 750 1462 exaudi
768 1388 864 1462 :tibi
882 1388 985 1462 enim
1001 1391 1284 1466 succumbimus
1296 1395 1379 1470 uni.

412 1519 566 1616 Quique
573 1520 720 1615 lovem,
731 1531 768 1591 et
774 1517 914 1592 coelum
925 1545 1076 1618 sperno,
1084 1533 1121 1596 et
1127 1526 1356 1620 penetrabile
1363 1525 1517 1618 fulmen,

412 1651 546 1750 Nerei,
565 1665 603 1726 te
617 1679 752 1726 vereor
769 1681 777 1727 :
792 1665 858 1726 tua
870 1652 1033 1728 fulmine
1049 1656 1185 1730 saevior
1197 1658 1254 1732 im
1267 1672 1333 1736 est.

412 1779 538 1878 Atque
553 1807 619 1879 ego
634 1781 846 1856 contemtus
860 1809 977 1856 essem
994 1785 1198 1882 patientior
1210 1787 1345 1886 hujus,

412 1914 452 1986 Si
466 1911 611 2011 fugeres
625 1940 768 1988 omnes.
789 1914 860 1987 Sed
875 1941 945 1988 cur
953 1973 965 2010 ,
980 1916 1142 2014 Cyclope
1153 1920 1323 2018 repulso,

412 2043 510 2116 Acin
523 2071 644 2141 amas,
661 2043 893 2142 praefersque
905 2045 999 2118 meis
1013 2046 1251 2142 amplexibus
1265 2049 1384 2124 Acin?

412 2174 481 2247 Ille
496 2187 622 2248 tamen
636 2175 852 2272 placeatque
865 2173 960 2270 sibi,
979 2175 1196 2272 placeatque
1211 2177 1354 2274 licebit,

346 2407 349 2412 Ι
412 2306 524 2392 Quod
539 2307 697 2403 nollem,
714 2307 883 2402 Golatba,
900 2307 971 2380 tibi
984 2365 995 2402 ‚
1010 2305 1124 2380 modb
1138 2309 1246 2405 copia
1257 2308 1392 2407 detur,

412 2439 555 2512 Sentiet
567 2465 645 2514 esse
660 2437 759 2514 mihi
776 2449 882 2511 tanto
895 2463 965 2535 pro
982 2463 1138 2536 corpore
1155 2439 1257 2514 vires
1271 2449 1297 2514 ¹.

410 2571 563 2646 Viscera
575 2575 666 2666 vira
679 2571 827 2646 traham
843 2571 1089 2668 :divulsaque
1100 2571 1270 2644 membra
1285 2597 1355 2670 per
1366 2598 1479 2671 agros;

409 2703 557 2806 Perque
570 2716 653 2777 tuas
667 2726 854 2802 spargam,
871 2702 924 2776 sic
937 2727 975 2775 se
988 2701 1060 2776 tibi
1072 2703 1245 2794 misceat,
1264 2700 1397 2777 undas.

409 2831 512 2906 Uror
525 2831 648 2929 enim3
664 2833 851 2928 laesusque
865 2844 1046 2906 exastuat
1059 2832 1183 2906 acribs
1194 2832 1310 2930 ignis3

412 2961 586 3057 Cumque
599 2961 677 3034 suis
691 2961 826 3035 videor
838 2963 1056 3036 translatam
1068 2962 1218 3038 viribus
1231 2963 1384 3038 AEtnam

410 3094 564 3168 Pectore
577 3092 676 3166 ferre
689 3117 774 3168 meo
792 3121 801 3168 :
817 3120 887 3170 nec
904 3109 970 3194 tu,
987 3097 1157 3194 Galatea,
1173 3103 1349 3174 moveris.

460 3223 565 3297 Talia
579 3225 833 3323 nequicquam
848 3241 1022 3325 questus,
1038 3255 1127 3304 nam
1140 3241 1277 3304 cuncta
1290 3229 1481 3327 videbam,

412 3357 564 3454 Surgit:
580 3367 617 3430 et
630 3368 674 3430 ut
686 3357 819 3432 taurus
832 3359 944 3434 vacet
956 3358 1188 3434 furibundus
1204 3359 1352 3436 ademts

412 3474 684 3587 Stare'nequit,
701 3489 871 3589 silvique
885 3502 922 3564 et
935 3491 1037 3565 notis
1054 3491 1209 3566 saltibus
1225 3502 1336 3564 errat.

413 3619 511 3693 Clrm
527 3618 630 3695 fenis
644 3621 812 3720 ignaros,
832 3621 1122 3720 necquicquam
1138 3620 1211 3693 tale
1225 3620 1418 3714 timentes,

456 3799 468 3831 ¹
494 3803 637 3878 Exemplo
654 3802 728 3860 Solis
741 3795 864 3880 Cyclops
880 3805 1004 3861 ostendit
1019 3803 1133 3860 nnr‘cnm
1152 3803 1266 3859 oculum
1281 3801 1338 3856 sibi
1353 3817 1444 3856 omo-

417 3911 511 3954 mento
525 3917 586 3954 erse
592 3940 603 3968 ‚
617 3897 682 3955 crim
694 3899 746 3956 Sol
756 3901 807 3976 qni
817 3903 917 3958 omnia
929 3903 1026 3970 eruet,
1041 3921 1098 3958 ono
1110 3903 1148 3958 sr't
1159 3903 1242 3957 oculo
1256 3911 1413 3957 centenno.

458 4001 471 4030 ⁸
492 3997 565 4054 Hoec
577 4017 645 4100 cnmae
653 4001 766 4076 magna
775 4001 972 4077 indignatione
983 4021 1004 4060 a
1018 4000 1144 4078 Cyclope
1148 4001 1309 4078 Jttcramus.
1393 3989 1399 4022 ²
