3216 5344
459 567 529 644 152
574 579 659 638 uus
688 533 1127 634 udrauouruosrs
1157 567 1385 645 morino,

455 727 544 802 Esse
560 752 667 800 suam
683 723 820 820 nollet,
838 720 914 796 nisi
930 719 1032 819 quod
1045 731 1171 792 tamen
1184 717 1345 794 Hectora
1360 730 1468 819 partu

454 858 633 934 Edidcras
649 886 658 932 ε
673 855 875 932 dominum
888 851 1000 926 matri
1013 851 1083 924 vix
1098 851 1240 950 reperit
1253 851 1392 924 Hector
1407 857 1429 924 ¹.

535 1082 633 1160 vlt
657 1081 831 1188 Hecuboe
846 1081 1086 1175 Pohxenom
1102 1078 1273 1178 deflentis
1290 1091 1454 1204 querere.

504 1293 611 1382 Quru
625 1313 761 1388 corpus
774 1286 969 1385 complexa
989 1273 1126 1360 animae
1141 1299 1219 1360 tam
1233 1287 1341 1362 fortis
1358 1267 1485 1382 iirane,

456 1425 559 1512 Quas
571 1425 680 1498 toties
693 1421 823 1520 patriae
837 1419 1006 1515 dederat,
1023 1419 1212 1520 natisque,
1228 1421 1408 1518 vimque,

453 1549 969 1649 Huicquoquedatlacrymas
980 1548 1392 1656 :lacrymaeinvulnera
1401 1548 1542 1644 fundit,

454 1683 666 1780 Osculaque
677 1708 743 1754 ore
758 1681 864 1778 legit:
876 1691 1128 1778 consuetaque
1140 1695 1290 1778 pectora
1302 1683 1458 1780 plangit3

452 1812 712 1909 Canitiemque
725 1836 833 1884 suam
849 1811 1081 1883 concretoin
1098 1812 1278 1908 sanguine
1291 1835 1460 1906 verrens,

450 1941 564 2015 Plura
576 1939 752 2037 quidem,
769 1936 832 2010 eed
850 1949 887 2010 ct
903 1936 1004 2034 haec,
1019 1936 1157 2010 laniato
1171 1951 1339 2035 pectore,
1355 1937 1461 2010 dixit.

500 2071 593 2144 Nata
600 2082 674 2143 tuae
683 2128 693 2166 ‚
702 2067 818 2169 (quid
825 2069 928 2141 enim
938 2068 1152 2166 superest?)
1161 2068 1269 2142 dolor
1276 2069 1408 2142 ultime
1415 2067 1536 2160 matri,

450 2201 561 2296 Nata,
571 2202 666 2296 jaces
680 2203 688 2274 !
701 2199 889 2304 videoque
902 2213 1031 2296 tuum,
1047 2227 1130 2276 mea
1143 2203 1323 2299 vulnera,
1337 2203 1495 2276 vulnus!

451 2328 526 2424 En,
542 2355 592 2401 ne
604 2326 835 2426 perdiderim
848 2353 1079 2424 quemquam
1093 2329 1174 2402 sine
1187 2329 1287 2403 caede
1299 2353 1486 2420 meorum,

451 2455 511 2530 Tu
525 2483 679 2554 quoque
691 2457 835 2530 vulnus
847 2455 974 2531 habes.
991 2457 1040 2551 At
1054 2470 1107 2554 te,
1126 2461 1216 2556 quia
1228 2460 1402 2558 scamina,
1417 2461 1518 2534 rebar

450 2585 483 2658 A
496 2585 596 2660 ferro
611 2599 733 2662 tutam
743 2617 758 2662 ·:
774 2587 938 2660 cecidisti
952 2601 989 2661 et
1001 2589 1159 2664 foemina
1171 2591 1283 2667 ferro.

450 2719 598 2816 Totque
610 2733 695 2794 tuos
710 2721 811 2795 idem
827 2720 976 2820 fratres,
991 2735 1028 2796 te
1042 2725 1208 2822 perdidit
1219 2726 1339 2825 idem,

451 2853 622 2926 Exitium
639 2851 781 2948 Trojae‚
798 2853 993 2950 nostrique
1008 2857 1177 2953 orbator,
1194 2859 1356 2932 Achilles
1372 2868 1397 2934 ⁸.
1417 2921 1422 2928 .

449 2982 498 3054 At
511 2995 595 3078 post
607 2984 721 3080 quam
738 2983 870 3058 cecidit
885 2985 1028 3058 Paridis
1041 2988 1251 3086 Phoebique
1264 2992 1420 3086 sagittis5

449 3113 560 3187 Nunc
572 3119 689 3214 certe,
704 3115 804 3212 dixi,
825 3143 904 3190 non
919 3131 974 3192 est
986 3121 1212 3194 metuendus
1226 3121 1401 3195 Achilleo.

492 3314 501 3344 ¹
526 3313 566 3369 Le
579 3311 702 3369 sublime
716 3309 753 3368 de
764 3324 839 3369 cette
848 3317 954 3388 penate
967 3315 1091 3373 consiste
1102 3317 1175 3374 dans
1185 3319 1212 3375 le
1226 3331 1373 3376 contracte
1384 3319 1419 3376 de
1431 3337 1475 3376 crs
1576 3345 1577 3355 κ

448 3409 525 3466 deux
535 3421 623 3478 mets,
632 3409 737 3465 Hector
745 3419 773 3465 et
784 3411 945 3481 domiuum,
955 3413 1082 3488 qui,'par
1092 3415 1273 3489 opposition‚
1282 3415 1475 3490 rapprochent

447 3508 488 3564 les
500 3507 578 3565 deux
590 3508 750 3566 extremes:
763 3508 826 3564 l’uu
836 3509 863 3566 le
876 3509 989 3567 comble
1002 3510 1039 3567 de
1049 3511 1077 3567 la
1087 3513 1198 3589 gleire,
1211 3513 1316 3570 l'autre
1328 3513 1428 3570 l'excis
1440 3511 1473 3566 de

447 3604 662 3664 l’humiliation.

488 3709 500 3736 ¹
521 3703 569 3760 On
582 3721 684 3760 accuse
702 3702 796 3762 Ovide
811 3705 847 3762 de
864 3705 969 3762 redites
986 3705 1158 3782 superfluos.
1174 3707 1249 3764 Mais
1265 3707 1290 3764 si
1301 3709 1328 3763 le
1343 3725 1423 3764 coeur
1439 3723 1472 3760 ne
1570 3765 1571 3768 Ἴ

418 3817 421 3826 ’
435 3793 597 3872 ¹s'dpanche
608 3820 666 3876 que
675 3819 763 3876 parce
773 3803 845 3877 qu'il
855 3815 898 3859 est
910 3815 978 3878 trop
989 3805 1067 3878 plein
1077 3805 1113 3860 de
1125 3824 1156 3861 sa
1167 3805 1305 3873 douleurj
1316 3817 1344 3860 et
1357 3805 1471 3877 lorsque
1567 3827 1570 3906 q

446 3901 473 3955 la
492 3899 622 3956 violence
643 3900 680 3956 de
700 3920 744 3958 ses
763 3921 954 3960 mouremene
974 3923 1011 3960 ue
1028 3917 1141 3979 permct
1162 3923 1215 3978 pas
1235 3905 1271 3960 dc
1291 3904 1470 3986 lcr'retcuir,
1568 3907 1569 3979 t

446 3995 632 4070 t'exprcssion
645 3997 711 4054 n'en
724 4017 787 4060 sera
798 3998 902 4072 jamais
914 4001 945 4058 ni
956 4001 1051 4061 froide
1066 4004 1096 4060 ui
1109 4003 1316 4080 languissente.

1561 4473 1562 4525 t

1560 4577 1561 4603 i
