3178 5350
446 605 519 684 244
560 620 645 678 aas
674 591 1112 679 usssuonsnosss
1142 615 1371 696 osovrns,

444 767 645 866 squalere,
662 779 700 840 et
710 779 842 840 tenues
855 765 992 838 animae
1004 764 1164 841 volitare
1176 767 1373 845 videnum.

444 895 662 970 Attonitum
675 891 854 970 moustn‘s
866 891 1002 990 vulgus
1015 904 1139 990 pavet.
1156 893 1225 968 Illa
1236 893 1449 994 peventtim

445 1027 523 1101 Ora
536 1025 721 1102 venenati
736 1024 857 1120 tetigit
868 1023 1047 1097 mirantia
1061 1024 1177 1122 virga.

442 1157 561 1254 eujus
576 1158 795 1254 abstisere,
815 1155 1008 1230 variarum
1025 1169 1193 1232 monstra
1209 1164 1218 1194 ¹
1237 1154 1408 1258 semrom

443 1285 491 1360 In
502 1286 660 1380 juvenes
673 1285 837 1360 veniunt
855 1313 863 1358 :
879 1284 978 1358 nulli
991 1310 1060 1360 sua
1072 1287 1211 1360 mansit
1225 1288 1360 1385 unago.

491 1413 678 1488 Presserat
691 1413 872 1488 occiduus
884 1413 1096 1488 Tartessia*
1113 1416 1225 1490 litora
1236 1417 1426 1491 Phoebus:

443 1540 491 1612 Et
506 1539 647 1614 frustra
665 1541 812 1634 conjux,
824 1537 943 1613 oculis
956 1541 1160 1638 animoque
1177 1543 1352 1616 Canentis

444 1671 686 1766 Exspectatus
700 1678 790 1740 erat.
806 1665 835 1739 F
835 1666 954 1740 amuli
966 1667 1206 1766 populusque
1221 1695 1440 1766 peromnes
1457 1673 1462 1710 ¹'

443 1797 678 1873 Discurrunt
694 1795 825 1894 silvas,
840 1809 954 1895 atque
966 1798 1078 1871 obvia
1090 1797 1237 1872 lumina
1248 1811 1415 1896 portant.

443 1932 520 2006 Nec
532 1929 619 2005 satis
634 1942 690 2003 est
700 1929 888 2028 Nymphas
900 1932 1011 2029 flere,
1030 1945 1068 2004 et
1080 1931 1240 2006 lacerare
1252 1907 1427 2028 capillos,

442 2059 492 2132 Et
507 2059 597 2134 dare
610 2059 846 2158 plangorem3
863 2059 1046 2132 facithaec
1059 2071 1186 2134 tamen
1198 2059 1350 2133 omnia:
1371 2083 1452 2130 sese

442 2193 609 2290 Proripit
617 2252 628 2288 ‚
645 2218 687 2266 ac
700 2191 825 2266 Latios
840 2205 939 2265 errat
954 2218 1091 2274 vesana
1103 2220 1171 2292 per
1184 2221 1300 2293 agros.
1426 2262 1431 2270 .

489 2323 566 2396 Sex
578 2323 684 2396 illam
701 2333 848 2416 noctes,
867 2319 1026 2395 totidem
1040 2321 1237 2396 redeuntia
1250 2321 1345 2396 solis

441 2456 607 2532 Lumina
617 2452 816 2550 viderunt,
834 2454 988 2552 inopem
1002 2455 1205 2552 somnique
1217 2455 1386 2552 cibique,

441 2589 515 2664 Per
527 2590 632 2686 juga,
648 2587 864 2686 pervelim,
880 2587 956 2684 qui
970 2585 1049 2660 fors
1062 2585 1239 2682 ducebat,
1258 2599 1427 2661 euntem.

443 2716 611 2792 Ultimus
623 2716 770 2814 aspexit
783 2713 917 2796 fessam
929 2713 1114 2812 luctuque
1130 2713 1269 2810 viique

443 2844 588 2942 Tibris,
608 2857 645 2918 et
657 2845 698 2917 in
715 2842 835 2941 gelida
846 2854 1051 2940 ponentem
1065 2869 1220 2941 corpora
1236 2843 1330 2941 ripi.

443 2973 527 3050 Illic
540 2967 629 3046 cuni
642 2970 835 3068 lacrymis,
852 2969 952 3067 ipsos
965 2970 1156 3044 modulata
1167 2970 1332 3067 dolores,

444 3098 587 3195 Verba,
603 3122 696 3170 sono
711 3096 820 3168 tenui
832 3122 1017 3193 moerens,
1035 3093 1219 3172 fundebat
1230 3111 1275 3172 ut
1290 3097 1384 3174 olim

446 3226 624 3304 Carmina
636 3225 712 3320 jam
724 3223 890 3298 moriens
904 3225 1006 3298 canit
1018 3226 1246 3322 exsequialia
1259 3225 1272 3264 ³
1289 3251 1447 3324 cygnus.

491 3393 501 3423 ¹
526 3387 844 3465 Momtruosoefiguroe.
863 3390 945 3446 Nam
958 3353 1152 3448 comres'rici
1160 3391 1191 3447 in
1204 3391 1397 3466 uariasscras
1408 3411 1483 3450 ooa-

449 3490 522 3548 versi
525 3487 626 3563 faeie.
662 3479 663 3484 ¹

490 3595 505 3626 ⁸
526 3591 608 3647 Litus
623 3587 810 3646 occidentale.
834 3587 915 3643 Nam
938 3583 1093 3643 Tae-theses
1111 3587 1176 3642 usus
1192 3599 1237 3644 est
1252 3587 1393 3646 uberioris
1411 3588 1482 3644 His-

442 3688 557 3764 pam'ce.

490 3782 502 3822 ³
519 3787 657 3861 Ethmi's
665 3785 869 3860 convescendo.
878 3783 991 3858 Cycnus
999 3796 1095 3842 autem
1103 3785 1190 3840 morti
1196 3785 1307 3842 vicinus
1315 3782 1487 3842 suavissimi

449 3905 553 3943 Galim
570 3897 755 3942 memoratur·

579 3993 618 4045 Sic
628 3991 734 4058 ubisata
744 4003 850 4052 uocant,
863 3993 915 4041 udis
925 3993 1031 4059 abjectus
1042 3993 1067 4040 in
1079 3991 1171 4053 berbii,

610 4073 654 4124 Ad
660 4073 731 4124 uada
742 4073 864 4123 Maondri
872 4073 977 4122 concutit
986 4073 1053 4124 athos
1063 4073 1121 4124 olor.
