3170 5366
439 565 509 643 518
553 580 635 637 uss
665 548 1108 635 uirsnonrrrosss
1137 576 1371 661 u’ovrnr,

460 809 516 882 ΙΙ.
545 811 775 908 Pythagorae
795 803 977 876 doctrina.
1004 803 1104 878 Usus
1121 811 1293 882 namium
1313 812 1365 884 ab
1386 811 1455 882 illo
1574 891 1575 900 ἵ

836 935 1100 1008 interdicitur.'
1214 1016 1218 1023 ¹

481 1165 565 1242 Vnt
580 1163 656 1244 fuit
666 1165 731 1242 htc
748 1172 836 1238 ortu
850 1162 997 1237 Samius
1015 1192 1023 1238 ε
1039 1163 1103 1237 sed
1121 1163 1266 1264 fugerat
1282 1161 1360 1240 uni
1376 1175 1386 1203 ¹

435 1302 483 1376 Et
496 1299 635 1374 Samon
649 1309 686 1373 et
702 1296 894 1392 dominos,
913 1295 1077 1393 odioque
1089 1275 1303 1395 tyrannidis
1314 1297 1424 1373 exsul

433 1429 574 1528 Sponte
588 1440 668 1504 erat
684 1457 691 1501 :
709 1425 836 1523 isque,
851 1423 939 1497 licet
955 1424 1041 1498 ooeli
1054 1424 1204 1520 regione
1220 1437 1404 1524 remotos,

432 1559 560 1638 Mente
572 1561 671 1636 Deos
684 1555 796 1652 adiit3
812 1567 867 1652 et,
884 1577 970 1650 quaa
983 1564 1120 1626 natura
1132 1533 1288 1650 negabat

431 1687 586 1761 Visibus
602 1683 805 1779 humanis,
824 1679 943 1754 oeulis
957 1703 999 1751 ea
1015 1679 1175 1776 pectoris
1187 1679 1327 1754 hausit.

432 1815 766 1916 conquestum,
783 1825 820 1888 et
832 1812 939 1910 vigili
951 1825 1190 1909 perspexerat
1201 1814 1331 1906 omnia
1346 1815 1460 1913 curi,

430 1955 477 2028 In
492 1949 665 2026 medium
680 1941 857 2022 discenda
872 1945 984 2019 dabat
1001 1971 1009 2020 ε
1028 1959 1246 2044 coetumque
1259 1955 1273 1984 ⁸
1289 1949 1488 2046 silentiam,

379 2079 380 2084 ἵ
429 2087 613 2183 Dictaque
628 2081 857 2178 mirantium
873 2081 999 2178 magni
1012 2080 1222 2178 primordia
1233 2081 1391 2180 mundi,

430 2215 478 2292 Et
494 2240 624 2290 rerum
639 2239 787 2310 causas,
803 2210 946 2308 etquid
959 2221 1114 2307 natura,
1129 2191 1301 2307 ilooebat3

430 2348 535 2437 Quid
548 2349 670 2444 Deus,
686 2345 791 2420 unde
803 2343 932 2439 nives,
949 2369 1035 2440 quae
1047 2342 1222 2418 fulminis
1235 2356 1329 2418 esset
1340 2343 1465 2444 origo:

428 2487 452 2558 J
453 2483 625 2580 uppiter,
641 2505 690 2552 an
704 2473 829 2572 venti,
845 2476 1010 2552 discussa
1022 2479 1143 2574 nube,
1157 2486 1333 2553 tonarent
1338 2511 1349 2574 3

428 2615 533 2702 Quid
548 2623 718 2712 quateret
731 2623 868 2708 terras,
888 2609 964 2708 qual
976 2607 1098 2684 sidera
1113 2609 1191 2707 lege
1203 2621 1390 2708 mearent,

427 2743 476 2818 Et
489 2743 756 2842 quodcumque
771 2741 872 2830 latet.
888 2740 1116 2838 Primusque
1132 2741 1308 2814 animalia
1319 2739 1459 2815 mensis

427 2867 563 2948 Arcuit
577 2871 725 2968 imponi
746 2900 754 2944 :
770 2871 918 2968 primus
934 2893 1087 2966 quoque
1102 2869 1240 2942 talibus
1257 2895 1323 2941 ora

426 3000 545 3077 Docta
561 2999 716 3099 quidem
730 2997 860 3097 solvit,
875 2997 940 3072 sed
947 3023 1025 3070 non
1037 3009 1074 3070 et
1087 2996 1244 3094 eredita,
1263 2997 1389 3072 verbis
1403 2993 1430 3071 ⁵.

470 3197 486 3232 ¹·
504 3195 671 3270 Pythagore
681 3195 699 3251 a
710 3213 765 3251 son
775 3207 879 3252 retour
892 3194 1052 3272 d’Egypte,
1068 3195 1108 3252 oh
1120 3195 1140 3250 il
1152 3195 1221 3250 erait
1231 3193 1286 3250 alte
1298 3193 1458 3251 s'instrnire

426 3288 501 3346 dans
509 3288 549 3347 les
560 3289 683 3345 sciences
691 3289 829 3345 cultivees
837 3307 891 3364 par
899 3291 940 3346 les
948 3309 1045 3366 mages
1054 3303 1082 3347 et
1089 3309 1144 3365 par
1152 3291 1193 3347 les
1200 3293 1313 3365 pretres
1321 3290 1357 3346 de
1365 3292 1458 3346 Mern-

425 3385 509 3462 phis‚
521 3383 617 3461 afflige
628 3383 665 3440 de
676 3394 799 3440 trouver
811 3404 841 3442 sa
853 3387 946 3460 patrie
960 3387 1085 3444 asservie
1097 3405 1136 3443 au
1149 3400 1237 3463 tyran
1246 3388 1415 3463 Polycrate,
1429 3407 1459 3446 se

426 3481 541 3559 refugia
560 3483 578 3538 h
595 3481 744 3552 Cottone,
763 3483 804 3540 oh
821 3483 842 3538 il
859 3483 998 3562 enseigna
1015 3485 1056 3542 les
1075 3487 1196 3564 dogmes
1215 3487 1252 3544 de
1270 3505 1302 3544 sa
1320 3488 1458 3545 nouvelle

425 3577 621 3656 philosophie.

467 3683 481 3713 ¹
504 3681 619 3737 Alludr't
628 3681 671 3734 ad
680 3699 790 3737 morem
800 3679 1065 3755 Pythagoreorum,
1080 3681 1181 3756 quibus
1193 3683 1237 3737 ud
1248 3693 1355 3740 certum
1369 3701 1458 3758 usque

422 3791 555 3855 tempus,
566 3801 626 3856 pro
639 3793 726 3856 coptu
737 3779 879 3848 solertim,
893 3781 1036 3836 silentium
1049 3781 1258 3856 injungebatur.
1292 3825 1294 3828 .
1360 3815 1366 3826 ·

465 3869 481 3928 .³
504 3877 643 3936 variante
656 3877 698 3935 du
708 3877 767 3934 duc
777 3878 814 3934 de
828 3877 994 3936 Nivernois.
1009 3881 1110 3952 Voyez
1123 3879 1163 3936 les
1176 3881 1368 3958 Remtrquet.

552 4001 572 4047 tt
581 4002 664 4064 perluit
676 4004 823 4053 vstnement:
837 4018 867 4052 ou
879 4003 981 4052 emutuit
992 4017 1044 4058 tam
1056 4007 1141 4054 ποίη.
