3216 5344
422 529 493 584 roo
539 520 626 580 ces
654 493 1086 616 uirsuonruesns
1115 521 1342 608 mevins,

465 673 563 772 Fuge
578 699 691 772 opera
703 672 832 748 iilius¹
846 701 930 749 meu
940 687 1054 752 sunt:
1070 700 1139 776 ego·
1147 675 1344 776 Telephon
1356 675 1460 756 hasti

414 809 649 912 Pugnantem
662 808 796 884 domui
812 811 980 884 :victum
998 821 1245 910 orantemque
1259 813 1386 890 refeci.

415 939 528 1032 Quod
536 939 676 1014 Thebae
683 939 850 1013 cecidere
858 965 1011 1037 ,meum
1018 953 1073 1014 est
1084 967 1092 1014 :
1102 941 1479 1040 mecredite1esbcn,

412 1077 475 1154 Me
482 1074 681 1170 Tenedon,
692 1073 1002 1172 Chrysenque,et
1011 1073 1358 1176 Cyllan,Apollinis
1367 1079 1492 1177 urbes,

411 1212 461 1287 Et
473 1211 597 1310 syron
612 1207 753 1308 cepisse
772 1236 782 1281 ι
796 1206 879 1282 mesi
894 1231 1072 1282 concussa
1084 1219 1213 1305 putate

408 1343 656 1420 Procubuisse
671 1341 750 1416 solo
763 1340 945 1438 Lymesia
956 1341 1099 1416 moenia
1111 1339 1257 1418 dextri.

407 1477 536 1578 thue
547 1471 640 1550 clius
649 1486 791 1548 taceam
798 1503 809 1569 3
824 1473 894 1570 qui
908 1498 1055 1548 saevum
1071 1474 1228 1573 perdere
1240 1487 1364 1574 posset

402 1611 584 1710 Hectora,
599 1633 735 1706 nempe
747 1605 837 1680 dedi
850 1631 936 1704 :per
947 1633 1009 1682 me
1021 1609 1116 1704 jacet
1128 1609 1294 1708 inclytus
1305 1609 1458 1684 Hector.

403 1743 484 1820 Illis
495 1741 578 1816 heec
589 1739 724 1835 armis,
743 1737 884 1836 quibus
897 1749 954 1812 est
967 1737 1150 1814 inventus
1166 1739 1352 1839 Achilles,

405 1881 522 1956 Arma
532 1887 620 1975 peto
638 1903 646 1950 :
662 1873 753 1947 vivo
767 1871 967 1970 dederam,
986 1885 1071 1972 post
1085 1873 1158 1950 fata
1173 1899 1340 1973 reposco.

451 2013 505 2086 Ut
518 2009 629 2084 dolor
639 2008 759 2082 unius
773 2005 923 2081 Danaos
939 2009 1176 2104 pervenitad
1193 2017 1343 2108 omnes,

400 2147 614 2245 Aulidaque
627 2142 833 2218 Eubdicam
846 2135 1086 2238 complerunt
1097 2143 1203 2220 mille
1215 2146 1373 2244 carinae5

399 2285 620 2381 Exspectata
630 2272 721 2374 diu,
737 2275 861 2372 nulla,
880 2286 946 2348 aut
962 2278 1291 2378 contraria'clessi,

398 2416 568 2492 Flumina
580 2422 671 2488 sunt
684 2437 691 2485 :
704 2407 887 2506 duraeque
900 2408 1036 2503 jubent
1048 2409 1329 2508 Agamemnona
1340 2422 1454 2488 sorte

397 2549 630 2628 Immeritum
645 2568 754 2620 ssevae
767 2555 894 2617 natam
911 2547 1229 2622 mactare'Dianae.

396 2689 562 2784 Deneget
574 2683 648 2757 hoc
661 2681 828 2780 genitor,
847 2681 1034 2780 Divisque
1049 2683 1226 2758 irascitur
1242 2677 1351 2784 ipsis:

396 2819 521 2916 Atque
534 2817 578 2892 in
590 2840 674 2913 rege
687 2827 812 2888 tamen
827 2819 841 2852 ¹
854 2827 960 2912 pater
972 2828 1039 2892 est.
1060 2819 1135 2916 Ego
1147 2820 1240 2892 mite
1252 2821 1418 2918 parentis

396 2953 598 3049 Ingenium
612 2947 739 3022 verbis
752 2943 799 3020 ad
814 2947 965 3045 publica
978 2945 1175 3024 ccmmods
1189 2952 1301 3026 verti.

394 3085 509 3163 Nunc
524 3075 700 3178 equidem
713 3075 848 3174 fateor,
865 3078 1036 3177 fassoque
1053 3081 1217 3178 ignoscet
1229 3081 1378 3158 Atrides
1387 3115 1399 3184 5

356 3319 359 3326 Ι
390 3214 597 3294 'Difficilem
608 3211 717 3286 tenui
733 3213 804 3286 sub
820 3211 956 3312 iniquo
970 3213 1096 3312 judice
1109 3241 1270 3292 causam.

442 3433 452 3466 ²
479 3430 593 3506 Colligit
607 3431 722 3503 Ulysses
735 3430 834 3486 emnia
847 3447 1036 3505 quoecumque
1046 3431 1135 3508 gessit
1143 3429 1288 3502 Achilles,
1300 3431 1357 3487 sibi
1368 3450 1431 3490 esse

399 3529 587 3596 ascribenda,
601 3527 666 3584 crim
677 3527 759 3584 illum
772 3529 982 3586 adduxeritad
990 3530 1105 3590 bellum.
1115 3533 1145 3588 A
1155 3529 1247 3588 causd
1256 3531 1332 3588 euim
1343 3551 1430 3610 squa-

397 3631 459 3687 mri
470 3650 527 3686 non
533 3641 634 3705 petest
642 3627 770 3702 ffectus.

441 3735 454 3764 ¹
476 3732 578 3787 Hoeret
590 3747 745 3805 sumemus
755 3735 957 3808 Agamemnon
969 3725 1128 3807 interregis
1144 3729 1273 3807 ffcium
1288 3745 1428 3807 atpater-

398 3849 468 3886 uam
484 3831 642 3886 cautaeem.
662 3830 702 3888 Ce
719 3833 927 3890 commentaire
945 3831 982 3889 de
1003 3833 1155 3902 Famam,
1174 3853 1211 3889 en
1231 3831 1430 3907 diveluppaut

397 3929 423 3984 la
435 3932 539 4007 penses
550 3927 691 4000 d’Ovide,
702 3949 737 3989 en
748 3931 801 3990 fuit
811 3932 908 3992 mieux
920 3932 1010 3992 sentit
1021 3933 1048 3989 le
1057 3933 1203 4009 precision
1217 3945 1245 3992 et
1256 3933 1403 4013 i’e'uergie.
