3178 5350
369 552 373 563 ⁸
426 597 496 648 aaa
540 587 623 644 uus
652 556 1094 666 udrsuonrnosss
1123 587 1355 668 n’ovrnn,

424 737 472 813 Et
483 739 559 832 jam
576 755 823 834 prensumm,
843 731 917 823 jam
930 732 1007 828 jam
1021 754 1104 806 mea
1115 733 1259 810 viscera
1271 735 1382 812 rebar

424 867 471 939 In
487 891 555 940 sua
570 885 787 938 mersurum
804 891 812 935 :
828 861 1026 960 mentique
1041 861 1207 940 haerebat
1222 863 1343 963 imago

424 995 621 1095 Temporis
637 993 759 1092 illius,
779 1015 857 1091 quo
869 993 952 1067 vidi
964 993 1055 1066 bina
1069 1017 1243 1069 meorum
1262 1007 1272 1032 '

401 1129 500 1204 -Ter
512 1137 646 1226 quater
659 1121 771 1220 affligi
788 1121 976 1196 sociorum
993 1144 1148 1220 corpora
1164 1135 1285 1199 terrae.

422 1263 518 1350 Quae
531 1281 644 1356 super
658 1257 737 1354 ipse
748 1257 890 1352 jacens,
907 1253 1049 1328 hirsuti
1062 1279 1167 1351 more
1179 1255 1318 1354 leonis,

422 1393 666 1487 Visceraque,
684 1399 886 1484 escarum,
902 1383 1105 1486 oblisisque
1118 1413 1199 1464 ossa
1212 1387 1410 1490 medullis,

422 1524 728 1620 Semanimesque
741 1531 844 1593 artus
857 1519 1008 1593 avidam
1021 1517 1202 1594 condebat
1218 1519 1261 1593 in
1274 1517 1418 1595 alvum.

421 1657 484 1732 Me
496 1668 640 1730 tremor
650 1654 790 1726 invasit
806 1679 814 1726 :
832 1645 973 1726 stabam
987 1653 1069 1726 sine
1082 1653 1262 1752 sanguine
1278 1665 1454 1750 moestus3

321 1841 328 1852 .
420 1786 738 1881 Mandentemque
750 1781 905 1880 videns,
925 1761 1219 1886 eiectantemque
1235 1799 1418 1864 cruentas.

421 1919 499 1992 Ore
515 1913 644 2013 dapes,
665 1928 701 1989 et
714 1913 834 1988 snrsta
847 1941 952 1990 mero
965 1917 1166 2014 glomerata
1180 1933 1408 2002 vomentem.

469 2045 574 2119 Talia
585 2035 770 2142 fingebam
783 2045 922 2118 misero
938 2043 1037 2120 mihi
1051 2047 1125 2120 fata
1139 2047 1274 2146 parari.

419 2181 565 2277 Perque
578 2177 657 2252 dies
671 2177 810 2253 multos
828 2177 994 2275 latitans,
1012 2201 1239 2276 omnemque
1256 2179 1472 2252 tremisoens
1543 2255 1560 2294 Ι

419 2310 479 2388 Ad
493 2313 692 2408 strepitum
703 2369 713 2406 ,
723 2323 960 2410 mortemque
972 2313 1128 2409 timens,
1138 2311 1535 2411 cupidusquemoriri,

419 2437 565 2512 Glande
579 2437 716 2510 famem
729 2435 871 2534 pellens
881 2463 894 2532 ‚·
909 2447 945 2510 et
958 2437 1078 2512 mixtd
1091 2437 1289 2513 frondibus
1301 2441 1438 2541 herb-i,

420 2567 549 2664 Solus,
568 2567 696 2664 inops,
713 2591 843 2662 exspes
861 2595 868 2639 :
884 2565 988 2638 letho
1004 2593 1202 2666 poenaeque
1216 2567 1386 2664 relictus,

418 2697 529 2770 Haud
545 2695 677 2793 procul
690 2695 838 2792 aspexi,
853 2695 964 2794 longo
981 2710 1065 2793 post
1081 2710 1268 2794 tempore,
1284 2699 1414 2772 navim
1423 2727 1435 2794 ;

419 2824 612 2922 Oravique
625 2823 751 2922 fugam
764 2837 888 2922 gestu,
907 2825 953 2898 ad
969 2825 1136 2924 litusque
1152 2827 1323 2926 cucurri3

417 2957 466 3030 Et
478 2957 584 3029 movi
603 2985 610 3030 :
628 2957 862 3054 Graiumque
878 2958 1146 3058 ratisTrojana
1160 2963 1312 3059 recepit.

416 3083 478 3158 Tu
492 3109 645 3180 quoque
657 3085 780 3182 pande
792 3097 894 3190 tuos,
910 3085 1093 3160 comitum
1103 3089 1327 3186 gratissime,
1345 3111 1471 3188 casus,

416 3217 465 3292 Et
477 3215 603 3312 ducis,
620 3227 657 3289 et
669 3218 809 3315 turbae,
825 3243 910 3315 quae
921 3231 1045 3292 tecum
1059 3217 1199 3292 credita
1210 3231 1328 3315 ponto
1342 3233 1409 3295 est.

461 3434 471 3463 ¹
497 3431 626 3508 Virgile,
640 3447 679 3488 su
697 3431 771 3490 livre
788 3433 935 3492 troisiime
947 3434 983 3492 de
996 3435 1141 3504 l'Enffle,
1156 3433 1281 3510 emploie
1290 3435 1451 3510 &galement

417 3543 517 3589 tontes
528 3533 568 3588 les
577 3549 744 3590 ressources
757 3533 793 3591 de
814 3555 867 3590 son
879 3535 1070 3612 imagination
1087 3548 1115 3592 et
1131 3535 1169 3592 de
1187 3555 1242 3592 son
1261 3535 1335 3610 style
1347 3577 1356 3604 ,
1370 3554 1451 3608 pour

415 3629 528 3686 decrire
539 3631 566 3686 ls
576 3631 778 3689 malheureuse
789 3645 932 3690 aventure
943 3633 1177 3710 ducompagnon
1185 3633 1328 3710 d'Ulysse.
1341 3633 1451 3689 lamnis

417 3724 495 3782 deux
507 3745 666 3787 moreeaux
675 3729 760 3784 n'ont
771 3731 816 3786 έῑέ
827 3731 850 3786 si
861 3730 1031 3788 semblables
1041 3751 1120 3806 pour
1130 3734 1155 3787 le
1165 3732 1255 3798 fond,
1274 3743 1302 3788 et
1312 3731 1335 3788 si
1346 3729 1451 3807 dignes

417 3821 509 3878 d'etre
519 3823 573 3880 mis
587 3843 623 3882 en
633 3827 781 3900 parallelo.
804 3831 885 3886 Ceste
903 3831 1107 3905 comparaison
1118 3830 1154 3886 de
1164 3830 1241 3886 deux
1251 3827 1361 3904 grands
1373 3831 1449 3884 msi-

417 3931 476 3978 lm
488 3963 496 3990 ι
510 3943 560 3980 sur
575 3925 601 3981 le
612 3926 706 3984 mlme
718 3927 793 4002 sajet
804 3969 812 3999 ‚
825 3941 868 3988 est
879 3931 1058 4008 tres-propre
1069 3930 1086 3987 a
1096 3929 1237 3986 fecundet
1246 3928 1273 3985 le
1282 3926 1382 4006 genie,
1394 3926 1449 3982 etsi

415 4019 525 4076 former
535 4021 562 4078 le
574 4023 654 4100 gods.
