3178 5350
315 571 317 578 ·
406 538 490 616 ,08⁴
526 545 611 607 urs
639 512 1078 600 uiusuoaruosrs
1108 526 1335 609 momnis,

408 711 486 786 Ora
501 713 678 803 proterva
689 716 851 770 canum:
871 685 935 762 sod
949 707 1045 784 quos
1058 684 1174 784 fugit,
1193 687 1351 762 ettmhit
1362 685 1455 762 uni.

408 839 602 930 Etcorpus
615 846 788 925 quaerens
800 817 1011 910 femorum,
1028 839 1282 913 crurumque,
1297 815 1533 914 pedumque,

408 967 610 1042 Cerbereos
625 957 743 1032 rictus
759 977 829 1050 pro
844 947 1015 1048 partibus
1029 945 1181 1020 invenit
1192 946 1282 1021 illis.

407 1097 564 1192 Statque
576 1111 716 1164 canum
728 1079 849 1155 rabies
866 1106 874 1151 :
890 1077 1131 1172 subjectaque
1144 1086 1247 1173 terga
1258 1074 1428 1148 ferarum

406 1222 635 1325 Inguinibus
647 1209 812 1307 truncis,
830 1220 1015 1305 uteroque
1033 1217 1222 1303 exstante,
1239 1203 1443 1278 cohaerent.

458 1351 582 1431 Flevit
594 1369 724 1422 amans
736 1341 902 1414 Glaucus
920 1365 928 1410 :
943 1334 1188 1432 nimiiamque
1203 1333 1395 1408 hostiliter
1406 1359 1487 1406 usae

409 1485 567 1563 Viribus
577 1478 784 1554 herbarum
801 1469 899 1567 fugit
911 1468 1104 1542 connubia
1116 1467 1252 1541 Circes.

409 1616 533 1718 Scylla
543 1613 626 1686 loco
640 1603 779 1682 mansit
797 1629 804 1675 :
821 1601 987 1696 cumque
1003 1609 1060 1672 est
1072 1597 1158 1672 data
1171 1598 1464 1696 copiaprimbm
1473 1655 1485 1695 ,

410 1747 459 1824 In
476 1745 599 1820 Circes
612 1735 745 1813 odium
759 1729 868 1805 sociis
884 1728 1060 1826 spoliavit
1072 1727 1232 1826 Ulyssen
1249 1735 1273 1802 ¹.

411 1877 505 1953 Mox
517 1872 647 1947 eadem
658 1865 821 1940 Teucras
835 1859 958 1934 suerat
970 1884 1142 1934 mersura
1154 1861 1322 1956 carinas,

412 2003 461 2080 Ni
475 1999 583 2100 prius
597 1996 640 2068 in
653 1989 872 2088 scopulum,
887 1985 956 2083 qui
969 2011 1076 2059 nunc
1088 2011 1243 2084 quoque
1256 2011 1392 2060 saxeus
1401 1998 1542 2082 exstat,

412 2125 693 2206 Transfonnata
705 2117 802 2192 foret
818 2143 826 2190 ε
843 2113 1043 2210 scopulum
1057 2139 1211 2212 quoque
1225 2111 1356 2187 navita
1367 2111 1478 2187 vitat.

413 2387 467 2464 Il.
491 2383 642 2460 Itineris
656 2379 706 2452 ob
719 2377 844 2450 AEned
858 2374 1010 2472 incoepti
1022 2371 1264 2448 continuatio.
1283 2373 1466 2472 Ce'rcopes

831 2507 871 2578 in
888 2507 1040 2578 Simiae.

403 2734 405 2742 .
461 2763 596 2838 Hinc
609 2759 678 2833 ubi
689 2752 862 2850 Troianos
876 2747 991 2824 remis
1007 2746 1235 2846 avidamque
1247 2744 1474 2845 Charybdin

413 2894 570 2972 Evicsre
586 2899 701 2982 rates3
721 2887 810 2958 cum
822 2884 898 2978 jam
911 2906 1028 2979 prope
1044 2881 1135 2954 litus
1152 2879 1323 2953 adessent

412 3023 648 3116 Ausonium,
666 3017 825 3113 Libycas
839 3026 955 3088 vento
972 3013 1191 3087 reseruntur
1203 3012 1250 3086 ad
1267 3038 1363 3086 oras.

411 3156 564 3256 Excipit
577 3153 723 3226 AEnean
739 3149 818 3222 illic
834 3149 1039 3248 animoque
1053 3149 1260 3248 domoque,

411 3288 499 3366 Non
511 3287 607 3358 bene
623 3277 829 3353 discidium
842 3277 997 3377 Phrygii
1011 3278 1134 3352 latura
1147 3276 1295 3373 mariti,

413 3415 565 3493 Sidonis
583 3443 591 3488 t
608 3413 726 3510 inque
739 3413 854 3510 pyri,
873 3412 968 3484 sacri
982 3413 1054 3484 sub
1069 3411 1248 3507 imagine,
1263 3407 1358 3482 faut
1367 3465 1379 3506 ,

412 3545 595 3624 Incubuit
607 3542 724 3638 ferro3
740 3541 968 3639 deceptaque
980 3539 1119 3638 decipit
1132 3563 1274 3612 omncs.

464 3677 610 3752 Rursus
622 3701 787 3750 arenosae
799 3673 945 3772 fugiens
959 3699 1060 3748 nova
1073 3670 1213 3746 moenie
1230 3681 1360 3768 terrae‚

457 3881 466 3912 ¹
489 3877 533 3932 En
543 3875 648 3933 faisant
659 3875 739 3950 perir
747 3874 788 3930 les
800 3888 1002 3949 compagnons
1012 3869 1161 3946 d'Ulysse‚
1171 3866 1224 3943 qui
1234 3865 1312 3923 avait
1324 3867 1370 3925 eti
1378 3865 1456 3924 aime

415 3977 452 4037 de
466 3977 566 4045 Circe,
581 3976 675 4050 Scylla
689 3992 719 4032 se
730 3992 822 4049 scnge
836 3991 888 4030 sur
901 3971 993 4030 luido
1006 3981 1080 4028 cette
1094 3967 1283 4044 magicienue.
