3178 5360
483 605 557 702 572
601 619 688 676 nes
716 589 1415 699 utnsuonsnosnsn‘ovinu,

484 767 715 864 Appropers.
736 763 797 838 Sic
808 760 884 837 futu
897 761 1032 858 jubent
1048 789 1056 834 ε
1071 781 1237 858 namque
1249 761 1356 838 Urbe
1370 777 1542 864 receptus

483 895 569 972 Rex
584 897 676 994 eris,
692 906 729 968 et
743 905 889 990 sceptno
904 903 1011 965 tutus
1027 891 1171 989 potiere
1184 881 1356 990 perenni.

530 1027 676 1100 Retulit
687 1007 751 1100 ille
765 1021 902 1121 pedem
919 1051 928 1097 ε
944 1037 1169 1122 torvamque
1182 1051 1205 1098 n
1215 1027 1418 1102 'moenibus
1431 1027 1543 1102 Urbis

480 1157 667 1232 Avertens
679 1153 812 1232 taciem
828 1159 859 1250 ¹,
874 1151 1032 1252 Procul,
1048 1153 1119 1230 ah!
1135 1157 1269 1252 procul
1282 1157 1435 1257 omina,
1453 1161 1561 1254 dixit,

478 1283 586 1360 Tulin
597 1283 648 1360 Di
661 1265 804 1382 pellant
821 1311 829 1356 :
846 1281 1045 1380 multoque
1058 1307 1123 1379 ego
1135 1283 1274 1378 justius
1289 1310 1423 1360 sevum

480 1419 600 1494 Exsul
616 1444 738 1516 egem,
754 1417 870 1516 quim
883 1443 945 1491 me
960 1415 1116 1490 videant
1129 1417 1310 1515 Capitolia
1322 1447 1467 1517 mgem.

481 1550 592 1626 Dixit
607 1578 616 1624 :
631 1562 669 1623 et
681 1547 871 1644 extemplb
883 1545 1148 1644 populumque
1160 1572 1391 1648 gmvemque
1409 1551 1572 1624 Senatum

480 1683 682 1756 Convocat.
703 1679 802 1752 Ante
815 1671 943 1752 tumen
956 1677 1075 1775 pscali
1089 1702 1234 1752 cornua
1249 1678 1358 1752 lauro

481 1811 589 1886 Volat
606 1839 615 1886 ε
631 1820 669 1883 et
683 1808 877 1908 aggeribus
892 1805 999 1882 factis
1015 1805 1171 1880 smilite
1186 1805 1277 1880 lorti

480 1941 625 2018 Insistit
641 1971 649 2016 :
664 1941 865 2040 priscoque
878 1939 978 2012 Deos
995 1963 1134 2014 emore
1150 1949 1336 2036 precatus.
1408 2015 1411 2020 ,

530 2073 609 2170 Eu,
628 2073 698 2168 eit,
716 2069 781 2144 hic
792 2095 917 2167 unus,
934 2094 1049 2168 quem
1061 2094 1130 2144 vos
1147 2069 1190 2142 ni
1202 2069 1342 2167 pellitis
1354 2074 1472 2170 urbe,

478 2197 566 2276 Rex
582 2197 678 2272 erit:
694 2194 810 2292 isqui
823 2195 892 2290 sit,
908 2195 1035 2292 signo,
1053 2219 1134 2267 non
1147 2195 1322 2292 nomine,
1341 2197 1482 2273 dicam.

338 2373 341 2381 ν
480 2333 634 2407 Cornua
646 2327 772 2404 fiuntc
785 2327 880 2425 gerit
896 2355 905 2402 :
921 2352 1036 2424 quem
1049 2327 1157 2402 vobis
1170 2325 1312 2400 indicat
1324 2348 1472 2427 augin,

477 2462 522 2536 si
539 2459 698 2536 Romam
713 2457 885 2554 inustis,
900 2457 1098 2532 famularis
1111 2463 1125 2494 ⁸
1140 2460 1226 2554 jura
1235 2457 1436 2534 daturum.

479 2591 549 2666 Ille
565 2589 722 2687 quidem
737 2587 863 2686 potuit
875 2599 1000 2685 portas
1012 2587 1226 2685 inumpere
1238 2599 1404 2686 apertns5

480 2721 554 2798 Sed
571 2747 641 2796 nos
654 2720 868 2796 obstitimus
886 2748 894 2794 :
910 2719 1086 2818 quamvis
1102 2721 1341 2816 conjunctior
1352 2721 1425 2795 illo

477 2852 601 2934 Nemo
615 2851 714 2928 mihi
728 2863 794 2925 cst.
811 2850 887 2925 Vos
904 2851 1005 2925 Urbe
1017 2852 1146 2928 virum
1160 2851 1377 2951 prohibete,
1393 2851 1570 2946 Quiritem

481 2983 568 3080 vel,
587 2983 619 3056 si
633 2981 770 3079 (lignus
786 2981 881 3079 erit,
900 2982 1075 3082 gravibus
1089 2984 1233 3058 vincite
1246 2983 1386 3056 catenis
1392 3013 1404 3080 3

479 3113 560 3196 Aut
574 3113 682 3186 finite
698 3125 846 3189 metum
859 3114 980 3190 fatalis
993 3127 1115 3190 morte
1128 3114 1295 3213 tyranni.

529 3237 666 3326 Qualis
678 3240 878 3314 succinctis
892 3237 925 3338 ³,
943 3240 1012 3316 ubi
1024 3253 1118 3316 trux
1131 3241 1300 3318 insibilat
1313 3247 1465 3348 Eunus,

481 3369 683 3444 Murmura
697 3365 836 3466 pinetis
852 3367 971 3468 fiunt3
990 3370 1197 3468 autqualia
1209 3372 1348 3450 fluctus

523 3571 533 3600 ¹
551 3563 591 3621 Ge
602 3575 681 3640 geste
690 3563 727 3622 de
735 3564 899 3640 Cipns‚son
907 3564 1032 3624 altitude
1042 3585 1079 3625 nc
1090 3578 1157 3626 sont
1164 3587 1217 3645 pus
1224 3565 1321 3628 moins
1329 3571 1522 3649 l'expressinu

481 3665 572 3748 tl’uue
582 3681 648 3722 nme
657 3664 803 3722 vraiment
813 3665 946 3723 romsine
956 3685 1015 3744 que
1026 3667 1067 3724 les
1077 3669 1194 3744 paroles
1205 3670 1277 3747 qu'il
1288 3691 1456 3746 prononee.

523 3769 537 3798 ⁸
557 3766 648 3839 Leges
657 3763 759 3840 quibus
773 3775 908 3822 utsewes
918 3783 1018 3822 ornnes
1028 3786 1083 3824 uos
1097 3769 1366 3844 oporteatubedire.

523 3855 536 3892 ³
557 3859 786 3934 Cettetpithete
803 3857 964 3937 designeln
981 3862 1076 3920 forme
1093 3863 1130 3921 de
1146 3865 1173 3920 ln
1192 3865 1265 3922 cime
1283 3871 1455 3926 retroussee
1472 3869 1519 3928 des
1576 3925 1577 3930 ,

482 3959 559 4038 pins.
584 3957 706 4014 Duabus
720 3957 868 4032 penjuc'un
887 3963 1113 4022 accommodatis
1133 3965 1366 4025 similitudinibus
1386 3971 1522 4045 cspn'mcl
1576 3941 1577 4007 l

471 4061 569 4131 ,posta
580 4053 877 4131 qualesuen'epopuli
886 4075 1024 4118 mmmm
