3248 5338
431 629 480 722 60
549 661 636 718 uus
662 631 1101 717 uiriuournoses
1130 653 1358 736 norme,

429 800 621 899 Herculis,
641 787 686 876 d!
704 799 862 875 Rhodiae
878 798 1016 872 ductor
1028 797 1285 896 pulcherrime
1301 801 1454 878 classis?

428 933 486 1010 Ne
501 945 627 1008 tamen
640 931 822 1030 ulterius,
840 929 957 1028 quim
973 927 1086 1003 fortia
1099 927 1195 1004 sacra
1210 930 1382 1031 silendo,

429 1063 596 1138 Ulciscor
607 1062 757 1159 fiutres,
776 1061 895 1136 solida
911 1073 967 1136 est
981 1061 1080 1136 milri
1092 1063 1208 1161 gratia
1220 1075 1360 1140 tecum.

475 1199 566 1274 Heec
581 1210 665 1296 post
677 1198 793 1296 quim
807 1195 911 1270 dulci
928 1196 1079 1270 Neldius
1095 1195 1215 1271 edidit
1230 1223 1315 1296 ore,

428 1329 648 1408 Asermouc
664 1331 783 1429 senis,
803 1329 962 1427 repetito
975 1355 1136 1404 munere
1151 1329 1309 1428 Bocchi,

428 1461 634 1536 Surrexsre
648 1462 741 1537 toris
759 1489 766 1536 :
783 1485 863 1536 nox
876 1471 931 1534 ost
943 1459 1029 1535 data
1044 1471 1177 1536 caetera
1192 1487 1337 1538 somno.

610 1673 726 1750 XVI.
753 1675 920 1749 Achillis
938 1701 1036 1748 mors
1053 1687 1091 1748 et
1105 1677 1290 1750 laudatio.

475 1883 534 1958 Ar
546 1885 649 1961 Deus
657 1942 668 1980 ,
683 1909 873 1981 aequoreas
888 1883 955 1980 qui
970 1882 1124 1982 cuspide
1137 1895 1319 1981 temperet
1330 1880 1478 1984 undas,

425 2015 472 2090 ln
488 2017 684 2090 volucrem
697 2033 834 2114 corpus
848 2017 928 2088 nati
943 2015 1183 2091 Stheneleida
1194 2043 1350 2092 versum

425 2145 554 2221 Mente
567 2143 670 2220 dolet
686 2145 807 2243 patrid
823 2174 831 2219 :
847 2171 1068 2245 saevumquc
1083 2173 1238 2244 perosus
1250 2145 1426 2222 Achillen

426 2277 585 2352 Exercet
601 2301 808 2371 memores,
827 2275 913 2372 plus
927 2275 1044 2374 quim
1058 2275 1240 2374 civiliter,
1255 2277 1330 2349 irus
1347 2281 1369 2348 ¹.

425 2383 584 2502 Jamque
597 2403 674 2512 fere
688 2415 806 2476 tracto
820 2401 898 2476 duo
911 2429 979 2499 per
992 2381 1258 2500 quinquennia
1274 2403 1388 2498 bello,

424 2537 579 2615 Talibus
595 2539 793 2612 intonsum
811 2536 1010 2632 compellat
1026 2533 1233 2633 Smyntheo
1248 2534 1358 2640 dictis
1367 2565 1379 2630 ;

425 2669 479 2742 0!
499 2665 598 2741 mihi
614 2665 661 2740 de
674 2664 800 2738 fratris
814 2665 923 2761 longe
936 2661 1143 2762 gratissime
1156 2663 1275 2759 natis,

424 2796 537 2870 Irrita
550 2795 620 2894 qui
635 2817 786 2867 mecum
799 2791 959 2890 posuisti
971 2789 1114 2865 moenio
1127 2789 1268 2885 Tr'ojae3
1353 2835 1357 2842 ·

424 2925 589 3022 Ecquid,
605 2936 650 2997 ut
661 2923 728 2996 has
743 2925 820 3017 jem
835 2924 912 3017 jam
929 2947 1077 2994 occursu
1093 2915 1226 3017 rupicis
1243 2945 1365 3017 arces,

426 3051 611 3149 Ingemis?
623 3065 690 3126 cut
703 3041 838 3148 ecquid
853 3061 909 3124 tot
924 3049 1165 3126 defendentis
1176 3075 1308 3124 muros

425 3182 545 3258 Millia
558 3205 650 3254 caesa
661 3177 789 3254 doles?
802 3180 957 3278 ecquid,
973 3207 1022 3254 ne
1034 3205 1237 3279 persequar
1250 3205 1398 3277 omnes,

424 3311 596 3394 Hectoris
610 3313 746 3387 umbra
759 3315 880 3411 subit,
897 3315 1041 3390 circum
1059 3341 1127 3390 suo
1142 3317 1318 3412 Pergama
1333 3313 1475 3389 tracti?

424 3443 522 3517 Cr'rm
534 3455 660 3516 tamen
674 3443 737 3518 ille
752 3444 877 3541 ferox,
896 3445 1070 3544 belloque
1087 3447 1281 3520 cruentior
1297 3445 1397 3542 ipso,

351 3649 353 3656 ,
425 3571 534 3645 Vivit
549 3571 693 3672 adhuc,
711 3555 835 3673 operis
848 3575 968 3649 nostri
981 3576 1200 3674 populator,
1222 3573 1397 3648 Achilles.

424 3703 498 3778 Det
513 3703 611 3780 mihi
624 3729 662 3778 se
680 3733 687 3778 :
706 3703 814 3804 faxo,
832 3709 974 3806 triplici
988 3709 1082 3806 quid
1099 3706 1253 3806 cuspide
1269 3707 1431 3805 possim,

471 3885 479 3914 ¹
505 3885 577 3940 Plus
591 3886 681 3959 qudm
694 3889 827 3957 civiliter,
841 3889 970 3947 allusion
982 3890 998 3948 l
1009 3847 1040 3946 la
1051 3889 1156 3947 fureur
1169 3887 1221 3965 qui
1238 3857 1409 3946 carietkrise
1419 3887 1464 3944 les

426 4001 548 4060 guerres
560 3981 668 4040 civiles.
688 3985 733 4040 En
749 3985 818 4042 effer
830 3986 905 4046 dans
917 3971 1075 4046 cer'sortes
1088 3987 1124 4046 de
1138 4005 1261 4066 guerres
1276 3986 1305 4043 ln
1319 3984 1405 4044 hcine
1419 3995 1466 4043 est

428 4083 496 4158 plus
510 4081 621 4140 animer
636 4092 664 4140 et
677 4081 745 4158 plus
760 4093 870 4144 atroce.
941 4070 947 4080 ⁴
