3178 5350
425 555 501 634 118
543 563 630 626 nes
658 529 1104 618 nialnom’nosss
1131 541 1357 624 n’ovmn,

426 715 536 806 Quin
552 711 664 786 etiam
676 703 832 780 blandas
848 697 1003 774 movdre
1018 722 1087 796 per
1101 701 1187 770 aera
1202 694 1359 791 caudas,

426 856 636 949 Nostraque
650 841 844 920 adulantes
859 835 1041 910 comitant
1056 833 1227 930 vestigia3
1244 830 1366 904 donec

426 987 637 1088 Excipiunt
648 957 820 1074 famulae,
835 997 979 1074 perque
989 969 1085 1044 atria
1101 993 1290 1043 marmore
1303 975 1422 1058 tecta,
1454 937 1460 948 ⁸

427 1126 490 1206 'Ad
507 1121 703 1200 dominam
718 1114 878 1189 ducunt.
897 1105 1066 1182 Pulchro
1080 1103 1183 1180 sedet
1198 1102 1264 1175 illa
1276 1123 1445 1195 recessu,

428 1257 598 1340 Solemni
613 1251 727 1348 soli03
742 1247 956 1348 pallamque
972 1241 1108 1317 induta
1123 1241 1331 1334 nitentem,

427 1397 591 1490 Insuper
602 1394 734 1460 aurato
748 1375 1044 1454 circumvelatur
1058 1369 1212 1446 amictu.

471 1518 656 1600 ,Nereides
671 1507 936 1611 Nymphaeque
951 1500 1086 1600 simul,
1105 1529 1191 1600 quae
1207 1502 1349 1576 vellem
1360 1497 1472 1576 motis

428 1659 544 1742 Nulla
556 1652 717 1730 trahunt
728 1643 874 1743 digitis,
890 1667 960 1716 nec
975 1637 1039 1714 fila
1051 1641 1246 1738 sequentia
1259 1637 1432 1732 ducunt,

431 1793 615 1872 Gramina
626 1787 857 1885 disponunt3
873 1803 1094 1878 sparsosque
1106 1776 1189 1852 sine
1202 1773 1336 1850 ordine
1348 1773 1461 1846 flores

430 1933 642 2008 Secu-munt
658 1915 832 2012 calathis,
846 1913 1046 2010 variasque
1058 1911 1248 1986 coloribus
1261 1909 1412 1984 herbas.

431 2065 535 2162 lpse,
551 2055 654 2156 quod
666 2053 729 2127 hae
742 2051 905 2147 faciunt,
921 2075 1018 2148 opus
1031 2047 1150 2145 exigit
1168 2075 1176 2120 :
1192 2043 1273 2143 ipsa
1286 2043 1380 2142 quid
1394 2040 1485 2116 ustis

432 2201 598 2294 Quoque
611 2190 660 2266 sit
674 2189 716 2262 in
731 2185 842 2282 solie,
860 2211 946 2282 quae
963 2186 1012 2257 sit
1027 2179 1227 2257 conconlia
1238 2177 1393 2274 mixtis,

432 2329 550 2408 Novit
566 2354 574 2399 :
590 2334 628 2398 et
640 2317 839 2408 advertens
852 2343 984 2415 pensas
1001 2316 1192 2390 examinat
1208 2313 1342 2386 herbas
1361 2317 1386 2385 ¹.

483 2465 574 2540 Haec
587 2459 657 2535 ubi
673 2445 742 2532 nos
755 2453 872 2550 vidit,
891 2451 991 2528 dicta
1004 2451 1227 2551 acceptique
1244 2449 1383 2546 salute,

435 2597 603 2680 Diffudit
615 2593 768 2688 vultus,
788 2587 826 2662 et
837 2587 1004 2662 reddidit
1016 2585 1146 2660 omnia
1162 2584 1273 2659 votis.

339 2705 342 2713 .
435 2737 514 2816 Nec
527 2757 634 2808 mora
651 2757 659 2802 :
675 2723 825 2800 misceri
838 2723 935 2796 cocti
950 2721 1056 2818 jubet
1067 2719 1211 2794 hordea
1226 2717 1349 2816 grani,

437 2867 643 2961 Mellaque,
654 2860 814 2956 vimque
829 2855 945 2952 meri,
961 2881 1051 2928 cum
1067 2853 1160 2926 lacte
1174 2852 1326 2950 coagula
1336 2875 1461 2948 passo:

439 3001 596 3096 Quique
612 2997 683 3068 sub
697 2993 770 3100 hac
783 2993 922 3066 lateant
937 2989 1072 3064 furtim
1087 2985 1307 3084 dulcedine,
1322 3012 1452 3062 succos

441 3132 594 3230 Adjicit.
614 3129 832 3227 Accipimus
846 3127 948 3201 sacri
963 3125 1049 3199 data
1066 3121 1200 3223 pocula
1215 3119 1361 3196 dextri.

443 3247 541 3370 Qum
557 3258 673 3333 simul
689 3258 811 3330 arenti
828 3257 995 3330 sitientes
1007 3255 1205 3330 hausimus
1219 3277 1302 3350 ore,

445 3397 495 3473 Et
506 3371 626 3492 teligit
642 3413 810 3466 summos
825 3390 931 3489 virgi
946 3391 1025 3466 Dea
1039 3389 1123 3464 dira
1136 3386 1309 3486 mpillos3

447 3525 520 3625 (Et
532 3523 669 3624 pudet,
685 3534 723 3595 et
735 3521 894 3596 reseram
902 3580 913 3620 ‚
927 3521 942 3620 )
957 3523 1044 3596 setis
1056 3519 1274 3596 humescere
1286 3519 1408 3617 coepi,

397 3643 415 3665 χ
449 3666 527 3744 Nec
539 3665 615 3761 jam
628 3655 735 3758 p'osse
747 3659 854 3758 loqui
873 3687 881 3760 ς
898 3683 968 3759 pro
984 3655 1111 3732 verbis
1129 3653 1238 3729 edere
1251 3677 1412 3730 raucum

495 3879 505 3910 ¹
526 3875 704 3945 Pensas‚1‘d
724 3886 781 3944 est,
798 3873 939 3930 examine*
956 3869 1040 3926 libra·
1052 3869 1245 3944 ponderatas.
1269 3867 1375 3944 Neque
1394 3863 1491 3932 enim,

453 3975 719 4054 nisipondercntur
724 4015 740 4047 ,
751 3974 826 4032 recte*
838 3973 976 4050 componi
979 3983 1107 4048 possunt
1110 3968 1290 4046 pharmaca.
