3178 5350
446 587 515 665 162
558 601 645 658 nas
673 571 1112 656 nbrsuonrnosas
1141 595 1371 676 movens,

442 750 668 828 Terribilem
680 743 942 844 Polyphemon
955 739 1052 839 adit3
1063 745 1309 847 Lumenque‚
1319 747 1425 848 quod
1439 775 1574 823 unum

442 887 581 960 Fronte
594 879 689 980 geris
705 873 847 972 medis,
865 872 987 972 rapiet
1002 873 1093 972 tibi,
1110 875 1231 976 dixit,
1246 879 1397 979 Ulysses
1415 888 1439 954 ¹.

444 1017 561 1112 Risit,
577 1025 633 1110 et,
649 1013 703 1088 0!
720 1021 853 1084 vatum
863 1005 1123 1106 celeberrime,
1138 1007 1298 1107 falleris,
1313 1009 1464 1108 inquit:

442 1145 570 1224 Altera
581 1145 657 1239 jam
669 1137 797 1236 rapuit
810 1143 837 1210 ⁸.
853 1134 915 1210 Sic
927 1134 1068 1208 frustra
1079 1161 1170 1210 vera
1182 1149 1403 1234 monentem

443 1271 597 1371 Spernit
617 1299 625 1344 :
640 1281 678 1342 et
691 1277 758 1340 aut
772 1263 944 1364 gradiens
957 1266 1102 1365 ingenti
1117 1267 1229 1342 litora
1243 1293 1356 1366 passu

442 1407 642 1503 Degravat‚
657 1411 724 1474 aut
737 1397 854 1472 lessus
868 1398 939 1470 suh
952 1421 1067 1494 opaca
1079 1397 1287 1472 revertitur
1297 1409 1419 1474 anm.

491 1529 688 1607 Prominet
699 1526 742 1598 in
757 1537 940 1622 pontum,
957 1535 1139 1598 cuneatus
1151 1524 1326 1602 acumine
1341 1525 1455 1624 longo
1466 1565 1490 1621 ,-

443 1659 556 1736 Collis
571 1687 580 1732 :
594 1669 803 1752 utrumque
816 1655 914 1728 latus
927 1650 1161 1728 cirosamlluit
1173 1653 1337 1752 aequoris
1350 1653 1471 1730 unda.

443 1791 529 1868 Huc
541 1788 643 1864 ferus
656 1785 823 1862 aseendit
835 1786 1011 1885 Cyclops,
1024 1784 1248 1884 mediusque
1261 1785 1412 1862 resedit.

444 1925 635 2021 Lanigerae
650 1918 830 2019 pecudes,
849 1919 958 1994 nullo
973 1917 1155 2016 ducente,
1171 1931 1307 1992 secutae
1321 1916 1347 1994 ³.

444 2055 517 2131 Cui
529 2053 741 2153 postquam
754 2051 890 2150 pinus,
906 2049 1032 2124 baculi
1045 2075 1131 2148 quae
1145 2051 1309 2148 praebuit
1320 2075 1454 2148 usum,

444 2187 543 2261 Ante
556 2183 668 2284 pedes
681 2182 802 2280 posita
814 2193 887 2278 est,
903 2181 1079 2254 antennis
1092 2192 1178 2278 apta
1193 2179 1379 2276 ferendis3

444 2315 652 2408 Sumtaque
663 2307 691 2406 ⁴,
704 2303 959 2380 arundinibus
969 2317 1172 2404 compacta,
1182 2319 1239 2384 est
1249 2307 1375 2386 fistula
1387 2323 1569 2408 centum,

442 2441 651 2514 Senserunt
662 2435 733 2510 toti
745 2433 908 2534 pastoria
917 2434 1028 2510 sibila
1042 2448 1190 2512 montes
1197 2467 1209 2536 3
1244 2427 1247 2448 ’

340 2587 342 2592 ’
443 2571 652 2646 Senserunt
665 2567 780 2642 undas
796 2595 805 2641 ε
823 2565 973 2640 latitans
986 2590 1052 2664 ego
1065 2593 1181 2664 rupe,
1198 2569 1351 2666 meique

444 2702 571 2778 Acidis
586 2701 629 2778 in
642 2701 783 2798 gremio
797 2697 983 2794 residens,
997 2698 1131 2798 procul
1144 2701 1301 2774 auribus
1314 2699 1425 2774 hausi

444 2833 551 2910 Talia
564 2832 665 2908 dicu
677 2832 790 2928 meis,
807 2828 1012 2926 auditaque
1025 2839 1151 2904 mente
1165 2829 1308 2904 notavi.

491 3003 889 3102 ''TelemasAEmeifiliau
898 3028 972 3082 inter
981 3025 1125 3102 Cyclopas
1131 3025 1425 3103 vatessuitegregius,
1433 3029 1485 3103 qui

448 3127 630 3204 Polyphemo
639 3127 782 3202 pmebbit
793 3127 892 3182 omnia
905 3143 1096 3202 quartamque
1106 3125 1146 3180 ab
1163 3127 1265 3199 ulysse
1268 3145 1380 3202 passm
1391 3140 1442 3184 est.

491 3231 505 3260 ⁸
526 3225 642 3300 Nempd
656 3225 790 3281 Galatea.
804 3225 856 3282 Aa
866 3225 900 3280 id
910 3237 1008 3282 autem
1021 3225 1128 3282 alludit
1135 3265 1144 3294 ,
1160 3224 1240 3300 quaid
1250 3225 1486 3302 coeeift'aguatur

450 3343 513 3384 esse
526 3335 669 3380 amantes.

493 3415 506 3454 ³
530 3421 570 3477 Cc
583 3418 653 3476 trait
668 3417 771 3495 simpla
784 3431 812 3476 et
825 3418 994 3497 cbampdtre
1010 3419 1181 3478 caraettrisa
1194 3420 1222 3477 la
1234 3421 1354 3496 passion
1367 3422 1487 3480 sombra

450 3527 480 3580 et
491 3517 617 3576 violente
626 3515 669 3573 du
679 3517 819 3592 Cyclope,
831 3518 854 3574 si
864 3517 1091 3592 prolondtment
1102 3519 1228 3578 absorbe
1238 3537 1293 3594 par
1303 3520 1331 3576 la
1341 3519 1487 3590 tristasse,

334 3654 341 3660 -
451 3617 525 3696 qu’il
538 3615 636 3674 onblie
649 3634 694 3672 ses
710 3615 901 3692 occupations
915 3617 955 3674 les
970 3617 1038 3692 plus
1050 3618 1161 3676 cheres.

494 3713 511 3760 4
532 3716 572 3770 Ce
585 3731 652 3771 vers
665 3724 738 3770 vasu
751 3733 793 3770 un
804 3733 863 3790 peu
876 3715 975 3772 mieox
988 3735 1047 3790 que
1060 3715 1248 3776 l’be'misticbe
1259 3717 1296 3774 de
1309 3716 1436 3793 Virgile‚
1451 3719 1492 3776 de

453 3813 639 3883 eollofistula
645 3813 776 3889 pendet:
790 3812 884 3890 image
897 3814 1048 3890 mesquine
1062 3815 1164 3891 quand
1178 3815 1231 3871 elle
1246 3827 1289 3872 est
1302 3815 1459 3890 appliqute
1473 3815 1490 3872 al
1549 3855 1553 3866 .

454 3930 498 3970 un
508 3913 606 3990 gdant.
616 3913 676 3968 Per
684 3911 846 3989 ernoldum
857 3927 981 3988 quanam
978 3915 1077 3985 faerit
1085 3913 1282 3990 Polyphemus
1286 3923 1381 3992 posca
1391 3928 1490 3972 ostem

454 4013 514 4084 du,
524 4013 632 4088 pinam
641 4031 700 4088 pao
713 4014 816 4072 baculo
829 4013 857 4072 ei
864 4015 1038 4091 gestandam
1053 4015 1219 4098 attribaaas.
